2409 5492
386 1234 458 1285 nn
499 1219 745 1291 Bnururu.
828 1233 909 1318 '457

216 1334 318 1406 duas,
333 1353 425 1394 unam
445 1351 496 1395 tuo
512 1337 650 1410 nomine,
666 1337 785 1396 alteram
801 1334 906 1398 Anto·

220 1418 283 1477 nii:
303 1414 352 1474 dat
365 1413 488 1475 Servilio
502 1416 619 1476 tribuno
632 1418 725 1496 piebis
737 1438 746 1489 3
761 1416 809 1477 ille
824 1415 906 1478 Cor-

220 1513 294 1557 nuto
321 1499 505 1557 :recitantur
529 1498 559 1554 in
585 1496 694 1558 senatu.
723 1497 904 1560 Auromus

220 1574 368 1637 Pnocos.
386 1597 491 1658 magna
511 1576 680 1654 admiratio,
691 1581 758 1637 tet-si
776 1577 846 1639 effer
858 1600 905 1641 re·

218 1658 361 1731 citatum,
373 1655 800 1732 nominenumine-n,
814 1681 830 1719 a
860 1681 902 1722 uo

218 1737 340 1818 quidem
353 1755 494 1799 venerant
510 1738 665 1798 tabellarii:
681 1739 729 1800 sed
746 1759 834 1801 nemo
870 1744 903 1803 ili

218 1818 337 1890 similis,
352 1821 402 1899 qui
419 1817 549 1900 proferre
570 1819 677 1880 litteras
695 1818 836 1892 auderet,
851 1841 902 1883 aut

218 1896 427 1981 nugiibatibus
453 1900 584 1961 reddere.
615 1898 690 1959 Tuae
717 1903 900 1978 recitantur,

217 1976 325 2041 breves
334 1981 390 2040 illae
407 1980 608 2061 quidemysed
623 1983 653 2041 in
667 1981 830 2041 Antonium
847 1983 903 2042 ad·

216 2059 341 2121 modum
359 2061 449 2121 lenes.
465 2061 665 2123 Vehementer
680 2062 835 2123 admiratus
854 2061 901 2125 se-

217 2156 314 2203 natus.
334 2141 410 2202 Mihi
425 2160 522 2202 autem
541 2165 601 2204 non
617 2160 679 2202 erat
697 2143 901 2223 explicatum,

216 2221 289 2303 quid
305 2221 536 2305 agerem.Fa1sas
553 2222 705 2284 dicerem?
722 2224 812 2303 quid,
831 2227 899 2287 situ

216 2320 267 2364 eas
285 2301 711 2384 approbaffesiconfirmarem
729 2303 740 2362 ἓ
755 2325 814 2363 non
835 2323 899 2367 erat

215 2380 364 2467 dignitatis
388 2403 453 2445 tuae.
479 2383 580 2464 ltaque
607 2384 655 2444 iile
680 2383 741 2442 dies
770 2383 898 2448 silentio.

215 2460 355 2526 Postridie
365 2482 462 2526 autem
477 2485 568 2547 quum
582 2462 676 2526 sermo
692 2462 873 2526 increbuiffet
884 2482 900 2538 ,¹

214 2540 295 2607 Pilus
356 2547 457 2608 oculos
468 2547 667 2608 vehementibs
682 2543 833 2603 hominum
850 2544 898 2605 of·

215 2622 266 2687 fen
287 2630 293 2641 “
318 2645 369 2701 et,
385 2646 484 2688 natum
502 2630 623 2688 omnino
639 2623 684 2686 est
693 2625 867 2705 princip'mm
879 2648 898 2687 a

214 2726 276 2770 me.
294 2704 344 2769 De
383 2707 533 2769 mconsule
548 2706 680 2768 Antonio
698 2704 787 2765 multa
804 2705 897 2766 :Sex-

214 2790 271 2849 tius
298 2730 387 2850 caudi
411 2811 470 2849 non
494 2787 585 2849 defuit
604 2786 668 2868 post
693 2805 760 2859 me,
780 2807 870 2865 quum
883 2804 899 2861 ,·

213 2887 323 2950 quanto
337 2869 417 2930 suum
436 2869 548 2943 filium,
566 2884 674 2951 quanto
688 2886 787 2927 meum
798 2870 827 2926 in
837 2887 893 2947 pe·

213 2951 306 3015 riculo
331 2951 458 3012 futurum
484 2950 617 3024 diceret,
645 2951 668 3008 si
692 2966 796 3007 contra
825 2970 895 3028 pro·

212 3031 361 3095 consulem
375 3052 454 3092 arma
469 3028 602 3091 tuliiient.
626 3028 710 3090 Nosti
724 3029 894 3090 hominem:

211 3112 303 3175 musa
315 3134 375 3174 non
391 3111 491 3173 defuit.
500 3110 645 3173 Dixerunt
659 3112 747 3170 etiam
762 3108 826 3167 alii:
839 3110 895 3168 La-

211 3192 272 3257 beo
290 3194 364 3256 verb
386 3191 508 3266 noster,
534 3213 590 3252 nec
618 3193 732 3271 signum
757 3206 839 3248 tuum
858 3191 894 3248 in

211 3273 352 3358 epistola,
378 3295 432 3335 nec
459 3274 538 3334 diem
560 3295 577 3331 a
641 3275 755 3343 situm,
782 3288 836 3328 nec
861 3286 894 3330 te

209 3356 349 3438 scripsisse
363 3356 400 3415 ad
416 3374 503 3429 tuost,
523 3369 555 3413 ut
613 3370 685 3412 eres.
702 3349 771 3409 Hoc
785 3368 893 3430 cogere

210 3438 352 3510 nolebat,
366 3435 448 3496 falsas
468 3438 576 3495 litteras
595 3430 676 3503 effe,
696 3431 748 3502 δι,
769 3431 792 3488 si
810 3450 893 3509 quae·

207 3520 249 3581 tis
263 3563 274 3592 ‚
289 3519 440 3600 probabat.
458 3508 543 3581 Nunc
555 3532 637 3584 tuum
656 3509 697 3571 est
716 3510 891 3582 consilium,

207 3596 320 3674 Brute,
334 3601 371 3663 de
389 3616 454 3659 toto
468 3616 573 3681 genere
591 3593 669 3655 belli.
687 3591 785 3649 Video
804 3606 832 3648 te
846 3590 892 3648 le-

205 3683 298 3745 nitate
319 3679 471 3753 deleturi,
492 3679 524 3738 ὅ(
546 3696 614 3737 eum
642 3688 741 3754 putare
768 3667 892 3729 fruiium

206 3762 267 3833 ,effe
284 3757 603 3843 maximum2praeclare
620 3755 737 3836 quidem
748 3795 758 3823 ‚
769 3749 817 3811 sed
829 3750 892 3813 aliis

250 3850 354 3910 Tamus
375 3842 448 3908 XII.
511 3911 519 3933 ι
738 3831 770 3892 V
