2409 5492
199 1263 278 1351 342
349 1254 728 1322 Errsrorirrurr

199 1363 888 1507 eruumturturi

261 1542 330 1585 eum
356 1529 459 1586 ornavi
485 1468 563 1588 veii}
592 1524 754 1595 laudibus,
776 1548 807 1587 ru
844 1491 889 1588 nd

201 1599 309 1663 assensu
332 1609 490 1665 omnium:
519 1628 563 1667 res
583 1605 696 1667 homiui
720 1604 775 1666 fuit
796 1627 835 1668 ve
857 1628 892 1668 e·

200 1701 316 1745 menter
336 1703 427 1766 grata.
451 1685 532 1765 Quae
550 1686 605 1746 tihi
624 1686 663 1745 eb
682 1685 776 1746 scribo
788 1729 799 1759 ‚
810 1688 893 1768 quid

201 1783 251 1829 me
288 1764 325 1825 de
354 1767 506 1827 retinenda
539 1765 633 1826 Sextii
664 1767 757 1846 gratia
789 1766 893 1828 litteris

202 1841 280 1923 saepe
296 1843 440 1905 monuisti.
460 1846 536 1907 Prid.
556 1845 602 1906 Id.
620 1844 682 1904 haec
705 1843 805 1927 scripsi
824 1864 892 1909 ante

204 1922 322 1985 lucerna
344 1945 381 1986 eo
403 1925 451 1986 die
470 1926 548 2006 apud
568 1925 766 2003 Pomponium
779 1927 811 1984 iu
829 1926 892 2006 ejus

204 2006 313 2082 nuptiis
335 2024 414 2064 eram
439 2023 612 2068 coeuaturus.
643 2002 752 2066 Cetera
777 2003 892 2067 suntin

204 2083 291 2143 rebus
320 2083 451 2157 nostris,
482 2083 643 2163 cujusmodi
669 2103 700 2145 tu
729 2084 798 2144 mihi
826 2085 892 2148 ferd

205 2159 349 2255 diffidenti
372 2166 571 2244 praedicabas,
593 2165 681 2247 plena
697 2164 839 2260 diguitatis
856 2166 891 2226 &

204 2247 579 2405 graqssniiaquzatqgffitq
603 2245 750 2399 diratu’tettu
756 2242 895 2405 pireattaetz’,

204 2341 345 2463 ffivitate
361 2406 470 2478 etiam,
490 2406 561 2478 tibi,
585 2405 712 2486 mihique
732 2404 798 2465 sunt
812 2404 894 2467 resti-

206 2496 279 2543 tuta.
302 2482 419 2545 Domus
442 2486 495 2545 tibi
519 2486 556 2546 ad
581 2487 693 2546 Lucum
711 2483 822 2545 Pisonis
844 2485 897 2547 Li·

208 2563 320 2623 ciniana
350 2564 490 2626 conduiia
517 2565 581 2627 est:
615 2566 694 2638 sed,
722 2584 754 2625 ut
782 2564 895 2646 spero,

209 2646 308 2723 paucis
326 2647 471 2707 mensibus
490 2645 554 2727 pist
573 2645 712 2706 Kalendis
734 2643 844 2723 Quint.
865 2648 897 2707 itt

208 2740 289 2783 tuam
302 2727 515 2808 commigrabis.
532 2725 628 2786 Tuam
640 2728 668 2784 in
680 2724 795 2786 Carinis
809 2746 897 2786 muu-

207 2801 239 2863 di
259 2804 432 2867 habitatores
451 2808 558 2868 Lamiae
579 2805 791 2865 conduxerunt.
819 2805 848 2864 A
866 2825 899 2868 te

207 2881 273 2960 post
289 2884 367 2942 illam
387 2886 559 2947 Olbiensem
577 2884 727 2965 epistolam
741 2886 836 2946 nullas
850 2887 899 2948 lit·

207 2976 284 3021 teras
306 2969 415 3045 accepi.
436 2966 520 3044 Quid
537 2989 625 3048 agas,
647 2966 726 3024 &art
745 2984 773 3025 te
793 2967 898 3026 oblec-

208 3058 253 3102 tes
278 3087 288 3116 ,
318 3043 386 3105 scire
415 3051 501 3126 cupio
526 3068 536 3118 ·,
563 3047 746 3126 maximeque
772 3046 898 3126 teipsum

208 3121 310 3182 videre
325 3129 548 3207 quamprimum.
568 3126 666 3199 Cura,
684 3128 723 3184 mi
742 3125 850 3201 frater,
865 3146 899 3188 ut

210 3202 325 3263 valeas:
349 3206 380 3266 &
400 3227 486 3286 quarn
507 3228 574 3267 uam
594 3206 635 3268 est
653 3207 745 3266 hiems
765 3250 774 3279 ,
798 3224 899 3269 tamen

211 3282 370 3347 Sardiniam
380 3285 459 3348 istum
467 3229 522 3350 ede
534 3290 654 3370 cogites.
663 3307 719 3349 xv.
729 3287 797 3349 Kal.
807 3288 900 3349 Mart.
