2409 5492
262 1269 337 1345 3¹0
403 1248 784 1317 Earrroaanurr

255 1366 413 1425 abhorrent
435 1384 451 1422 a
469 1361 595 1433 litteris,
615 1357 650 1416 ab
668 1357 870 1433 humanitate,
884 1373 945 1423 turn

257 1445 329 1505 veto
347 1443 490 1503 contraria
512 1439 576 1500 sunt
599 1439 721 1518 imperio
744 1460 777 1498 ac
803 1439 944 1520 dignitati.

259 1523 336 1584 Nam
356 1527 379 1583 si
396 1521 592 1602 implacabiles
611 1519 761 1578 iracundiae
777 1521 836 1579 sint
845 1561 858 1593 ,-
874 1521 945 1583 sum.

259 1626 307 1664 ma
330 1602 371 1663 est
388 1603 527 1664 acerbitas
547 1621 555 1660 :
574 1602 618 1659 sin
640 1615 735 1658 autem
755 1601 944 1676 exorabiles,

253 1683 371 1744 'summa
389 1685 512 1744 levitas:
531 1699 594 1760 quae
613 1697 733 1752 tamen,
749 1696 783 1739 ut
798 1682 828 1739 in
846 1683 944 1758 malis,

258 1766 408 1825 acerbitati
426 1760 630 1842 anteponenda
651 1757 700 1820 est.

302 1842 399 1906 xlv.
419 1843 477 1903 Sed
501 1843 638 1922 quoniam
658 1843 768 1921 primus
785 1861 878 1901 annus
896 1841 946 1903 ha·

261 1925 324 1984 buit
342 1925 379 1985 de
399 1924 453 1983 hac
473 1923 695 2003 reprehensione
713 1921 872 2000 plurimum
890 1922 945 1985 ser·

261 2007 380 2076 monis,
399 2003 486 2063 credo
511 2020 665 2082 propterea
683 2045 692 2074 ,
716 2001 800 2082 quod
816 2003 869 2062 tibi
887 2003 943 2065 ho·

263 2087 373 2143 minum
392 2081 520 2161 injuriae,
537 2081 617 2160 quiid
637 2082 781 2153 avaritiae,
800 2081 880 2160 qubd
897 2087 943 2144 itt·

262 2163 382 2223 solemia
402 2182 504 2243 praetet
523 2163 695 2241 opinionem
712 2161 883 2236 accidebat,
909 2166 944 2225 &

261 2243 449 2304 intolerabilis
477 2243 655 2314 videbatur3
681 2240 819 2302 secundus
844 2261 944 2305 autem

260 2323 353 2384 multo
379 2324 498 2396 lenior,
520 2323 601 2403 qubd
623 2322 653 2382 ὃ(
677 2321 886 2397 consuetudo,
911 2325 943 2387 ὃ(

261 2406 363 2477 ratio,
388 2405 419 2463 δι
440 2402 455 2487 (
474 2421 506 2464 ut
525 2423 583 2484 ego
605 2401 754 2542 arbitrorp
775 2423 850 2463 meae
869 2425 943 2487 quo·,

283 2505 320 2544 ue
336 2483 438 2546 littera
454 2499 483 2544 te
499 2485 724 2564 patientiorem,
751 2486 886 2545 eniorem
906 2504 941 2547 ue
980 2536 983 2541 .

263 2504 394 2626 lecerunt
413 2587 423 2638 3
445 2567 545 2624 tertius
575 2585 664 2622 annus
699 2564 738 2623 ita
764 2562 823 2624 elle
854 2565 892 2627 de
979 2564 983 2637 l

263 2646 453 2719 emendatus,
474 2664 506 2705 ut
524 2665 560 2704 ne
576 2646 727 2703 minimam
744 2645 866 2725 quidem
882 2666 941 2709 retu
979 2668 983 2727 ς

264 2725 412 2805 quisquam
428 2729 519 2807 possit
535 2725 622 2784 ullam
640 2723 864 2804 reprehendere.
981 2800 983 2807 Α

308 2823 354 2883 33.
377 2806 422 2864 Ac
442 2805 500 2880 jam
521 2806 663 2866 hocloco
683 2826 742 2863 nott
759 2805 938 2880 hortatione,
979 2852 983 2890 t

264 2903 360 2964 neque
392 2889 572 2964 praeceptis,
600 2885 649 2945 sed
680 2887 815 2964 precibus
847 2904 939 2948 tecum
978 2934 982 2967 ἶ

263 2962 393 3023 fraternis
410 2987 486 3046 ago;
501 2984 596 3026 totum
610 2983 641 3024 ut
657 2968 786 3025 animum
799 3011 809 3039 ,
826 2988 938 3042 curam,
976 3014 983 3055 t

261 3046 526 3125 cogitationemque
547 3064 626 3104 tuam
648 3067 739 3125 ponas
759 3047 791 3104 in
810 3052 939 3109 otnniutn
976 3074 983 3153 p

263 3123 347 3184 laude
375 3126 501 3206 undique
529 3127 702 3207 colligenda.
734 3126 831 3204 Qubd
859 3132 883 3188 si
912 3131 938 3188 in
972 3159 983 3217 ,ἑ

261 3205 402 3264 mediocri
425 3206 494 3265 statu
517 3206 654 3266 sermonis
675 3228 707 3265 ac
731 3207 939 3286 praedicationis
973 3250 978 3289 ,

262 3284 363 3344 nosttae
383 3307 428 3346 res
447 3285 536 3347 ellent
547 3307 556 3358 ;
582 3287 652 3345 nihil
670 3287 765 3346 abste
784 3291 937 3362 eximium,
973 3358 976 3365 Ι

261 3365 329 3424 nihil
343 3386 445 3445 praerer
459 3369 579 3426 aliorum
594 3367 832 3427 consuetudinem
845 3367 937 3449 pollu-
971 3414 983 3453 ὲ

260 3445 383 3505 latetur:
399 3469 474 3506 nunc
491 3448 562 3507 verb
576 3467 694 3527 propter
710 3467 812 3506 earum
829 3469 936 3523 retunt,
970 3490 983 3529 :

261 3528 290 3585 itt
311 3526 412 3607 quibus
436 3527 538 3590 versati
558 3527 679 3599 sumus,
702 3526 934 3607 splendorem&
969 3572 973 3605 ,

261 3607 488 3686 magnitudinem
507 3654 516 3682 ‚
541 3611 595 3668 nisi
613 3608 753 3666 summam
771 3608 891 3669 laudern
904 3629 937 3670 ex
968 3650 983 3687 2

259 3685 310 3744 ista
338 3693 486 3766 provincia
512 3688 706 3769 assequimur,
730 3690 779 3747 vix
807 3691 937 3750 videmur
966 3698 983 3769 ’ς

258 3765 400 3829 summam
419 3773 662 3851 vituperationem
679 3767 758 3850 polle
775 3772 882 3832 vitare.
900 3768 938 3830 Ea
967 3802 983 3843 ξ
