2409 5492
323 1273 386 1325 Ar>
401 1254 627 1325 Fruitur.
644 1257 731 1323 er.
744 1254 828 1323 XV.
860 1272 936 1344 225

256 1367 446 1431 incendimus.
462 1369 517 1429 His
536 1368 621 1429 rebus
638 1371 682 1428 ita
695 1367 794 1451 gestis,
806 1367 893 1429 callra
910 1371 942 1430 in

256 1448 397 1511 radicibus
408 1446 517 1509 Amani
530 1448 680 1508 habuimus
693 1451 770 1529 apud
781 1449 855 1509 Aras
865 1448 941 1510 Ale-

257 1529 354 1589 xandri
375 1530 559 1610 quatriduum
572 1547 582 1602 3
599 1529 630 1588 &
645 1531 675 1587 in
693 1531 818 1610 reliquiis
832 1528 942 1591 Amani

257 1608 413 1683 delendis,
437 1607 566 1691 agrisque
593 1606 757 1682 vastandis,
783 1631 846 1691 quae
874 1628 942 1689 pers

257 1686 314 1767 ejus
336 1693 448 1749 montis
469 1709 543 1749 meae
562 1691 720 1767 provinciae
738 1687 798 1764 est,
815 1690 845 1749 id
862 1707 941 1750 tem·

258 1790 305 1848 pus
331 1789 424 1830 omne
453 1767 690 1848 consumpsimus.
719 1766 869 1830 Confeclis
895 1771 941 1831 his

259 1848 356 1923 rebus,
369 1850 408 1909 ad
427 1849 569 1929 oppidum
585 1844 856 1910 Eleutherocilicum
871 1847 940 1909 Pin-

258 1926 396 1991 denill'um
416 1932 576 1989 exercitum
597 1928 703 1988 adduxi
722 1949 730 1985 ε
749 1929 830 2009 quod
849 1951 939 2011 quum

258 2006 323 2069 effer
346 2010 489 2089 altissimo
515 2010 548 2069 &
569 2011 763 2069 munitissimo
789 2010 881 2082 loco,
902 2010 941 2070 ab

258 2084 340 2169 iisque
357 2089 551 2160 incoleretur,
567 2089 618 2168 qui
635 2108 672 2148 ne
689 2089 803 2170 regibus
820 2089 941 2170 quidem

258 2187 394 2250 umquam
421 2164 573 2249 paruillent
593 2188 603 2241 3
627 2189 716 2249 quum
743 2169 774 2228 &
798 2168 939 2251 fugitivos

259 2248 489 2388 reciperepthssarr
496 2246 838 2387 Parthopurrpipflvemum
855 2269 938 2345 acer-

260 2349 308 2387 nm
343 2349 380 2388 ex
415 2348 431 2389 e
490 2345 591 2399 ent;a
628 2348 645 2389 e
698 2348 866 2390 rmanonem
882 2350 940 2388 rm·

261 2411 328 2487 perii
343 2350 490 2489 periinere
507 2407 655 2468 arbitratus
669 2406 730 2467 sum
746 2412 941 2488 comprimere
1023 2416 1027 2425 ‘

263 2508 360 2550 eorum
379 2489 544 2561 audaciam,
556 2490 617 2569 quo
633 2486 741 2547 facilius
757 2490 844 2549 etiam
860 2506 941 2549 cete-

263 2590 357 2629 rorum
374 2570 480 2641 animi,
490 2569 540 2648 qui
557 2569 643 2629 alieni
658 2565 748 2629 ellent
763 2568 799 2628 ab
815 2570 942 2647 imperio

262 2646 376 2722 nostro,
395 2648 603 2730 frangerentur.
627 2647 717 2707 Vallo
737 2648 768 2706 &
786 2647 862 2707 fossi
882 2651 942 2708 cir-

263 2728 413 2803 cumdedi,
429 2724 476 2789 fex
497 2724 616 2788 castellis
640 2725 787 2808 castrisque
809 2730 945 2788 maximis

262 2806 329 2889 sepsi
345 2830 355 2881 ;
374 2828 499 2890 aggere,
510 2810 624 2878 vineis,
639 2807 761 2868 turribus
783 2830 824 2888 op
846 2829 940 2890 ugna-

261 2893 305 2962 νὴ
322 2889 445 2970 ususque
467 2891 619 2949 tormentis
643 2889 758 2963 multis,
776 2830 872 2949 mullis
893 2889 943 2949 sa-

262 2972 398 3050 gittariis,
419 2989 527 3050 magno
556 2969 656 3028 labore
685 2990 775 3042 meo,
796 2973 858 3030 sine
883 2971 943 3033 ulla

262 3049 389 3111 molestia
399 3049 551 3128 sumptuve
563 3047 848 3130 sotiorum‚feptimo
860 3055 945 3130 quin·

262 3134 428 3213 quagesimo
449 3130 497 3189 die
515 3149 577 3190 rem
598 3129 712 3190 confeci
729 3150 739 3189 t
755 3148 787 3190 ut
805 3131 949 3195 omnibus.

262 3212 387 3290 partibus
417 3210 495 3270 urbis
525 3207 707 3282 disturbatis,
724 3226 773 3268 aut
799 3213 947 3285 incensis,

262 3293 404 3432 {lilii}
420 3289 655 3432 {filiiflii
669 3292 948 3430 filiiflii:

264 3444 343 3513 dacii
357 3450 497 3511 Tibarani
512 3471 520 3508 τ
537 3450 573 3510 ab
588 3452 631 3510 his
641 3392 823 3523 ‚pPindeniflo
843 3468 949 3528 captu,

265 3530 381 3592 obsides
399 3532 525 3610 accepi:
540 3535 697 3595 exercitum
714 3533 743 3589 in
762 3530 881 3590 hiberna
900 3530 945 3588 di·

264 3613 334 3672 misi.
354 3609 401 3690 Q.
414 3609 532 3670 fratrem
552 3613 673 3690 negotio
694 3608 833 3690 praeposui
844 3654 854 3682 ,
867 3627 899 3667 ut
915 3613 945 3671 in

261 3692 349 3766 vicis,
364 3708 414 3751 aut
435 3694 545 3770 captis,
559 3710 607 3750 aut
628 3691 700 3750 male
721 3693 845 3770 pacatis,
859 3710 951 3766 exer-¹

260 3773 566 3855 tituscollocaretur.
592 3769 677 3850 Nunc
704 3772 794 3834 velim
823 3771 875 3831 ribi
903 3774 953 3848 sio,

776 3848 842 3914 Kv
