2409 5492
248 1193 330 1317 ‘326
379 1218 778 1288 :Errsrozrnvnr

250 1335 296 1397 tui
312 1330 465 1405 LFlavius
480 1331 563 1391 heres
575 1327 634 1403 est,
643 1329 840 1391 diminuerent
853 1328 941 1407 autin·

250 1410 340 1494 quam
360 1410 399 1475 C.
411 1410 563 1473 Fundanio
585 1413 740 1491 pecuniam
764 1406 935 1471 solvlss'ent:

250 1493 380 1587 itemque
397 1490 501 1553 misisse
516 1487 811 1631 adnAffilrlonidednsen
821 1534 832 1563 ‚
844 1508 883 1585 ne
899 1488 950 1553 de·

250 1570 435 1725 ξέοιειφξτῖιβῗὲ
453 1568 596 1790 Sulgllm
624 1582 942 1717 Ffflgnionngeuffl

251 1729 378 1793 solutum
438 1748 480 1792 et.
533 1750 574 1789 aec
594 1730 666 1790 mihi
686 1730 856 1791 verisimilia
876 1748 942 1791 non

251 1810 414 1874 videntur:
431 1810 493 1872 sunt
514 1810 594 1872 enim
611 1830 628 1867 a
646 1810 801 1892 prudentia
818 1826 872 1871 tna
891 1828 941 1871 re-

251 1892 426 1957 motissima.
444 1889 490 1951 Ne
509 1890 648 1951 diminuat
665 1890 747 1953 heres
764 1888 776 1951 ἓ
793 1887 901 1967 Quid,
915 1892 942 1953 si

254 1969 414 2037 infitianrr?
426 1969 564 2049 Quid‚si
578 1971 699 2030 omnino
715 1990 775 2031 non
791 1968 952 2035 debeturl.

245 2048 345 2210 ¹guid
371 2050 383 2111 i
411 2068 519 2131 praetor
546 2047 622 2109 solet
649 2047 776 2129 judicare
805 2046 906 2111 deberi
923 2048 947 2111 i.

292 2129 374 2191 uid?
400 2150 456 2213 ego
482 2128 633 2190 Fundanio
655 2151 717 2190 non
740 2127 848 2211 eupiol
874 2148 947 2191 nom

254 2212 364 2289 anricus
384 2207 446 2271 sum
464 2207 476 2270 i
497 2230 563 2271 non.
576 2207 939 2275 misericordiarnoreorl

253 2282 345 2351 nemo
367 2290 459 2372 magis
479 2309 489 2349 a
509 2288 560 2351 sed
578 2291 628 2352 via
646 2287 716 2373 juris
737 2286 881 2369 ejusmodi
897 2285 942 2351 est

254 2368 424 2466 quibusdam
439 2371 469 2430 in
482 2371 590 2443 rebus,
608 2388 639 2431 ur
658 2369 783 2433 nihil-ait
800 2368 861 2431 loci
876 2388 946 2453 gra·

254 2466 314 2511 nae.
347 2447 446 2531 Atque
472 2451 512 2511 ira
545 2448 618 2509 mihi
652 2449 767 2511 dicebat
791 2448 944 2525 Flavius,

255 2524 394 2610 scripturn
414 2533 444 2589 in
460 2550 496 2590 ea
515 2527 657 2610 epistola,
677 2551 765 2611 quam
785 2546 870 2591 tuam
883 2528 945 2593 elle

257 2610 403 2685 dicebat,
424 2628 454 2671 te
476 2626 525 2670 aut
546 2611 627 2690 quasi
645 2613 743 2671 amicis
761 2612 819 2671 tuis
839 2612 952 2693 gratia.

259 2688 388 2753 asturum
403 2733 414 2764 ,
432 2692 578 2771 autquasi
596 2692 720 2751 inimicis
738 2688 950 2771 inconmoda?

259 2785 365 2832 turum.
392 2770 476 2849 Quid
502 2769 625 2830 multa?
655 2769 767 2831 ferebat
793 2771 952 2852 graviter,.

258 2849 290 2908 id
311 2850 500 2910 vehementer
520 2870 635 2911 mecum
653 2849 851 2930 querebatur,
878 2871 947 2911 ora-

258 2927 366 3008 batque
388 2946 419 2988 ut
437 2929 475 2987 ad
491 2945 520 2988 te
540 2929 626 3010 quim
648 2931 865 3014 diligentissime
882 2930 953 2993 scri*

257 3007 382 3073 berem:
402 3009 481 3087 quod
500 3007 600 3084 facio,
623 3011 655 3070 &
673 3029 703 3072 te
723 3010 838 3091 prorsus
855 3013 947 3073 vehe-

258 3104 373 3150 menter
400 3091 488 3150 etiam
507 3105 593 3168 atque
615 3093 701 3151 eriam
723 3111 829 3174 rogo,
858 3108 891 3152 ut
913 3091 952 3153 &-

226 3204 229 3209 ·
260 3170 493 3250 procuratoribus
516 3169 609 3230 Flavii
633 3174 760 3231 remittas
790 3171 828 3233 de
855 3171 949 3233 dimi-

262 3250 412 3324 nuendo,
443 3251 475 3311 &
505 3250 785 3330 Apollonidensibus
811 3270 849 3312 ne
877 3250 950 3333 quid

260 3329 445 3408 praescribas,
460 3330 540 3410 quod
556 3346 657 3390 contra
669 3331 801 3392 Flavium
816 3334 871 3402 sit3
883 3352 950 3400 ,ame

261 3410 360 3489 plius,
385 3411 417 3468 &
438 3408 531 3470 Flavii
553 3412 658 3484 causi,
678 3411 709 3470 &
728 3410 836 3472 scilicet
856 3409 952 3475 Pom·⁸

262 3493 350 3572 peii‚
376 3490 463 3549 facias
485 3492 592 3551 omnia.
622 3488 701 3551 Nolo
726 3491 840 3552 medius
861 3490 949 3554 fidius

264 3590 302 3628 ex
319 3588 368 3630 tua
386 3568 487 3648 injuria
512 3573 542 3629 in
565 3570 647 3632 illum
662 3571 714 3631 ribi
732 3571 884 3633 liberalem
902 3590 951 3633 ma

262 3650 384 3710 videri:
406 3649 456 3711 sed
483 3665 512 3710 te
538 3672 620 3726 oro,
645 3670 677 3712 ut
702 3669 733 3710 ru
759 3650 819 3732 ipse
845 3650 952 3712 audo-

263 3729 377 3793 ritatem
395 3730 428 3793 δι
442 3749 667 3797 monumentum
682 3731 801 3816 aliquod
815 3731 953 3811 decreti,
