2409 5492
280 1242 359 1320 294
441 1223 820 1291 Ειιιιοιιιιυιι

325 1356 372 1398 ιο.
392 1333 454 1397 Sint
473 1354 556 1396 aures
573 1349 653 1407 tuae,
671 1352 738 1413 quae
754 1335 809 1410 id,
828 1336 909 1419 quod
922 1358 967 1398 au-

282 1419 385 1490 dium,
404 1414 600 1477 existimentur
623 1412 749 1488 audire,
776 1437 840 1478 non
858 1420 888 1478 in
904 1440 967 1500 quas

283 1497 348 1559 fiae
368 1497 400 1556 &
418 1496 548 1557 simulate
566 1492 687 1576 quastus
708 1497 797 1557 causa
820 1497 968 1559 insusune·

284 1596 340 1641 tur.
367 1575 409 1638 Sit
426 1577 547 1636 annulus
562 1594 627 1635 tuus
645 1595 706 1635 non
722 1594 758 1636 ut
774 1598 829 1638 vas
848 1579 968 1660 aliquis,

284 1658 335 1720 sed
350 1675 498 1738 tamquam
511 1657 570 1738 ipse
587 1676 638 1728 tu3
652 1676 713 1716 non
728 1657 862 1719 minister
876 1663 968 1720 aliene

285 1738 472 1813 voluntatis,
495 1738 545 1803 sed
572 1735 650 1798 testis
671 1755 739 1796 tuae.
764 1739 918 1800 Accensus
939 1741 969 1799 sit

287 1839 326 1881 eo
343 1840 488 1894 numero,
506 1840 564 1901 quo
584 1813 795 1894 eummajores
817 1818 904 1880 nostri
918 1817 967 1881 effe

287 1900 465 1973 voluerunt,
479 1903 528 1980 qui
545 1899 601 1958 hoc
617 1918 678 1957 non
691 1899 722 1956 in
739 1898 881 1960 beneficii
895 1902 970 1972 loco,

289 1980 340 2042 sed
365 1983 395 2041 in
422 1981 526 2041 laboris
550 1999 583 2038 ac
608 1979 762 2052 muneris,
785 1999 852 2040 non
871 1982 969 2043 temere

274 2064 346 2122 -nisi
369 2061 480 2122 libertis
508 2059 563 2120 suis
588 2057 787 2134 defereban13
815 2063 920 2142 quibus
936 2061 970 2121 iili

292 2141 411 2221 quidem
431 2159 491 2200 non
513 2139 606 2199 multo
626 2136 725 2212 secus,
744 2159 778 2199 ac
801 2139 970 2217 servis‚im-

291 2221 440 2301 petebant.
455 2219 498 2279 Sit
512 2219 594 2279 lieior
608 2240 668 2279 non
681 2217 758 2294 suae,
771 2218 827 2281 sed
843 2240 901 2284 tuae
912 2222 970 2283 leni·

291 2305 357 2361 tatis
375 2302 541 2381 apparitor3
563 2296 731 2380 majoraque
751 2301 909 2381 praeferant
925 2300 970 2362 fai·

293 2401 342 2442 ces
356 2380 397 2440 illi
411 2402 443 2441 ac
458 2380 569 2442 secures
582 2380 729 2462 dignitatis
741 2383 889 2465 insignia,
899 2382 972 2466 quim

293 2459 451 2543 potestatis.
469 2459 539 2521 Toti
556 2461 682 2542 denique
698 2463 736 2521 sit
755 2466 917 2542 provincie
930 2483 972 2523 co·

315 2545 439 2613 mum,
469 2542 522 2601 tibi
547 2543 706 2616 omnium,
730 2543 842 2623 quibus
868 2545 973 2627 prusis,

295 2563 439 2696 inlunem,
459 2623 566 2693 liberos
583 2647 600 2696 ,·
617 2613 754 2693 famam,
776 2622 910 2686 fortunas
926 2620 971 2683 effe

297 2705 464 2764 carissimas.
488 2702 625 2782 Denique
641 2702 703 2760 haec
719 2703 828 2780 opinio
848 2706 905 2777 sit,
923 2721 972 2763 non

297 2785 390 2844 modb
409 2786 464 2854 iis,
486 2787 535 2863 qui
551 2782 659 2864 aliquid
675 2787 867 2861 acceperint,
887 2782 933 2845 sed
945 2785 973 2842 iis

297 2866 404 2935 etiam,
428 2865 477 2941 qui
494 2862 648 2935 dederint,
668 2879 697 2923 te
716 2863 873 2924 inimicum
890 2863 939 2946 (si
950 2861 973 2920 id

298 2943 503 3023 cognoveris)
525 2943 673 3002 futurum:
700 2961 799 3021 neque
821 2947 896 3007 verb
913 2941 975 3026 quis·

298 3043 385 3103 quam
403 3023 500 3096 dabit,
520 3042 610 3104 quum
627 3024 681 3083 erit
700 3020 757 3083 hoc
775 3023 973 3107 perspeaum

298 3102 369 3163 nihil
395 3122 448 3182 per
472 3122 523 3162 eos
547 3149 557 3177 ,
582 3106 630 3183 qui
652 3102 788 3163 simulant
815 3107 845 3166 se
868 3106 942 3187 apud
952 3122 975 3164 te

299 3183 423 3246 multum
422 3181 543 3324 lfise,
562 3183 612 3242 abs
627 3200 657 3243 te
675 3182 767 3243 solere
788 3187 947 3267 impetrari.

346 3283 390 3324 ιι.
452 3285 485 3325 ec
514 3281 611 3325 tamen
639 3261 680 3324 est
709 3263 771 3324 haec
796 3269 896 3329 oratio
924 3283 977 3326 men

300 3343 485 3422 hujusmodi,
502 3363 533 3404 ut
552 3361 581 3403 te
600 3347 631 3402 in
648 3359 714 3403 tuos
732 3361 782 3405 aut
806 3346 914 3409 dmum
931 3341 976 3406 effe

301 3428 451 3499 nimium,
477 3443 524 3484 aut
543 3423 724 3504 suspiciosum
746 3424 862 3487 velim:
884 3426 979 3486 namsi

302 3510 366 3587 quis
387 3505 427 3567 est
448 3524 575 3577 eorum,
605 3507 654 3583 qui
677 3504 729 3564 tibi
757 3503 873 3566 biennii
901 3506 980 3588 spatio

301 3607 459 3668 numquam
476 3588 507 3645 in
525 3584 714 3665 suspicionem
729 3588 862 3646 avaritiae
880 3587 980 3650 venerit

302 3665 365 3743 (ut
391 3688 449 3749 ego
474 3664 625 3738 Caesium‚
652 3665 684 3726 ὅ(
709 3660 935 3747 Chaerippum,
958 3665 981 3725 ἃ

305 3744 475 3813 Labeonem
495 3748 528 3809 δι
547 3746 651 3819 audio,
671 3745 728 3819 &²
750 3747 821 3828 quia
840 3747 982 3832 cognovi,
