2409 5492
328 1253 404 1321 212
474 1233 851 1301 Errsrotnrwrt

326 1343 473 1405 scribenda
492 1346 528 1417 ad
546 1369 601 1406 vos
613 1346 730 1426 'putavi
756 1342 846 1424 Regis
865 1339 1011 1407 Antiochi

329 1423 522 1505 Commageni
538 1426 624 1506 legati
639 1427 725 1506 primi
738 1418 807 1481 mihi
824 1422 1014 1501 nuntiarum,

328 1503 500 1564 Parthorum
508 1525 625 1587 magnas
635 1506 732 1583 copias
740 1501 1014 1582 Euphratemttans·

329 1586 370 1643 ire
393 1583 538 1664 coepiile:
569 1606 627 1665 quo
652 1586 754 1644 nuntio
773 1582 859 1641 allato
882 1626 891 1653 ‚
920 1602 1014 1721 purim

329 1661 418 1731 client
430 1665 561 1723 nonnulli
571 1667 641 1745 ,qui
653 1667 681 1724 ei
693 1665 752 1744 regi
765 1665 911 1720 minorem
945 1662 1015 1723 dem

330 1742 492 1803 habendam
511 1744 669 1822 putarent,
689 1743 770 1801 statui
790 1739 1015 1821 exspellandunt

331 1821 406 1894 elle,
426 1826 449 1881 si
468 1825 537 1902 quid
551 1828 655 1885 certius
674 1820 829 1882 afferretur.
839 1820 879 1879 A.
898 1822 1018 1885 dxlii.
1049 1852 1052 1857 ·

330 1902 397 1961 Kal.
414 1901 537 1963 octobr.
592 1926 641 1963 um
658 1904 814 1962 exercitum
830 1903 861 1960 in
877 1896 1016 1963 Ciliciam

332 1981 487 2055 ducerem,
504 1985 534 2043 in
550 1924 653 2045 idibus
673 1983 830 2061 lycaonia
846 1980 880 2041 ἃ
893 1978 941 2041 Ca
985 2002 1027 2043 a·.

333 2062 422 2121 dociae
451 2064 521 2120 mihi
547 2064 648 2123 littera
675 2062 794 2122 redditae
816 2058 879 2121 sunt
897 2082 934 2119 a.
965 2082 1018 2129 ar,-

332 2141 501 2213 condimoto
522 2187 531 2215 ,
551 2147 600 2223 qui
621 2142 802 2201 fidelissimus
821 2138 915 2200 sociis
935 2156 1018 2201 trans

331 2219 480 2295 Taurum,
501 2220 740 2302 amicissimusque
763 2221 865 2300 populi
886 2208 1017 2281 Romaiu

332 2297 526 2372 existimatur;
543 2301 684 2363 Pacorum
703 2298 835 2375 Oro'dis,
856 2301 933 2380 tegis
951 2300 1020 2361 Par-

331 2379 471 2452 thorum,
491 2379 602 2455 filium,
624 2402 690 2441 cum
707 2384 866 2460 permagno
881 2382 1029 2461 equitatu.

331 2456 463 2521 Parthico
490 2460 616 2522 transilio
644 2460 844 2539 Euphratem,
869 2458 902 2519 δι
927 2458 1018 2522 castra

332 2537 1028 2702 {illaillasllillllillllll

336 2699 384 2773 die
407 2702 443 2761 ab
471 2700 611 2763 Jarnblico
636 2743 658 2794 ,Ι
676 2698 836 2780 phylarcho
860 2697 1021 2775 Arabim,

338 2801 426 2861 quem
450 2770 584 2842 homines
610 2800 765 2861 oprnantur
787 2778 864 2838 bene
884 2776 990 2853 sentire
1007 2820 1035 2854 -,‚

239 2895 246 2903 -
334 2878 517 2938 amrcumque
533 2860 588 2923 elle
605 2858 769 2939 reipublicae
782 2854 903 2931 nostrat,
914 2859 1022 2921 littera

335 2938 373 2998 de
403 2937 510 2998 eisdem
534 2940 618 3001 rebus
640 2938 712 2998 mihi
731 2937 850 2998 reddita
867 2935 943 3001 sunt.
964 2939 1021 2999 Hit

335 3015 421 3077 rebus
440 3018 556 3094 allatis,
576 3022 630 3081 etsi
648 3015 849 3100 intelligebam
863 3015 958 3079 socios
974 3020 1032 3091 irt-¹

335 3093 418 3157 firme
441 3099 580 3159 animatos
610 3097 690 3171 elle,
709 3097 741 3157 &
760 3118 900 3157 novatum
921 3116 1032 3171 rerum,

337 3174 547 3257 exspeunione
565 3176 735 3269 suspensos,
755 3175 902 3315 {pertham
921 3195 1032 3237 tamen

337 3276 389 3316 eos
412 3302 421 3329 ‚
449 3258 485 3317 ad
509 3280 582 3338 quos
605 3280 663 3335 Jam
691 3277 757 3316 acce
780 3275 885 3333 eram,
909 3260 1033 3337 quique,

337 3334 462 3396 nostram
495 3337 733 3417 consuetudinem
765 3336 1033 3472 intepritatemque·

338 3415 562 3497 perspexerant,
580 3420 732 3480 amiciores
750 3437 832 3496 popu
844 3436 863 3473 o
882 3414 1033 3489 Romano,

338 3494 395 3569 effe
425 3494 543 3571 faiios3
572 3495 707 3575 Ciliciam
737 3514 834 3556 autem
860 3492 1024 3556 firmiorem

337 3574 402 3635 fore
424 3623 434 3651 ,
462 3578 485 3636 si
504 3581 643 3658 aequitatis
665 3574 767 3636 nostrae
786 3575 931 3656 particeps
952 3573 1027 3635 fabia

213 3663 215 3666 ⁴
340 3654 420 3717 esset.
450 3653 488 3716 Er
512 3658 551 3718 ob
570 3678 634 3718 eam
661 3655 795 3728 causam,
821 3654 852 3713 &
870 3672 903 3714 ut
920 3656 1026 3747 oppri-

339 3738 486 3799 merentur
510 3739 567 3819 ii,¹
588 3741 638 3822 qui
660 3756 697 3800 ex
723 3733 851 3799 Cilicum
877 3752 969 3820 geute
993 3754 1034 3813 ¹⁸³
