2409 5492
239 1242 319 1325 '340
398 1226 769 1295 Epictetum

239 1359 394 1415 tacerem,
424 1358 472 1400 aut
502 1339 531 1396 in
557 1335 705 1474 Pompeio
738 1332 922 1397 defendendo

241 1429 256 1495 (
276 1442 343 1480 nam
362 1423 385 1480 is
406 1420 605 1500 carpebatura
653 1415 759 1488 ihulo,
779 1413 923 1490 Curione,

240 1500 391 1570 Favonio,
410 1498 533 1560 Servilio
547 1496 607 1556 filio
624 1496 770 1590 >animos
784 1496 925 1590 bonorum

239 1583 367 1640 virorum
375 1577 565 1639 offenderem.
575 1575 636 1636 Res
645 1595 674 1632 m
683 1573 837 1655 posterum
849 1577 926 1636 dilata

239 1658 290 1721 est.
311 1658 433 1719 Clodius
450 1663 480 1718 in
499 1656 663 1736 Quirinalia
683 1656 831 1734 produxit
846 1657 926 1716 diem.

240 1742 282 1799 A.
304 1739 333 1798 d.
354 1759 403 1800 111.
422 1739 465 1799 ld.
484 1739 570 1798 Febr.
589 1736 703 1795 senatus
723 1737 761 1794 ad
786 1738 924 1817 Apollinis

241 1816 296 1879 fuit
317 1839 388 1892 ‚ut
409 1819 563 1899 Pompeius
583 1813 701 1875 adellet.
728 1815 808 1875 Acta
829 1836 874 1877 tes
893 1814 929 1876 est

243 1902 368 1990 graviter
396 1923 412 1959 a
442 1899 592 1978 Pompeio.
624 1894 669 1955 Eo
693 1896 743 1954 die
768 1897 843 1955 nihil
868 1916 927 1976 per·

240 1979 348 2039 tetrum
378 1979 426 2040 ell.
454 1980 492 2038 A.
519 1979 547 2037 d.
573 1995 610 2035 ιι.
644 1974 687 2034 ld.
717 1976 756 2035 ad
787 1975 925 2056 Apollinis

240 2059 513 2121 senatusconsultum
540 2056 647 2116 facium
683 2054 758 2127 est,
794 2060 843 2115 Ea
873 2076 923 2133 qua

234 2138 314 2219 firna
335 2137 414 2214 effent
434 2162 461 2197 a.
481 2141 509 2195 d.
529 2136 635 2197 rv.1d.
661 2155 760 2193 contra
785 2137 927 2216 rempubli-

240 2240 301 2277 cam
318 2217 366 2294 effe
376 2216 464 2296 βείω.
486 2222 529 2275 Εο
548 2218 594 2275 die
613 2211 690 2274 Cato
709 2213 753 2274 est
772 2217 927 2276 vehemen-

240 2312 285 2356 ter
306 2299 335 2355 in
356 2295 528 2375 Pompeium
550 2293 677 2354 invenus
695 2337 706 2365 ‚
728 2296 760 2353 &
783 2316 856 2356 eum
874 2317 930 2356 ora·

241 2379 323 2437 tione
349 2377 492 2457 perpetua
512 2395 659 2454 tamquam
678 2393 764 2434 reum
787 2376 930 2436 accusavit.

242 2454 294 2517 De
318 2477 366 2517 me
396 2457 517 2526 multa,
541 2474 590 2514 me
617 2454 741 2524 invito,
772 2476 846 2516 curn
874 2477 930 2516 mea

242 2537 354 2597 summa
381 2537 464 2597 laude
489 2534 569 2594 dixit.
601 2531 707 2610 Quum
732 2534 814 2595 illius
838 2540 867 2596 in
888 2555 928 2595 me

243 2617 394 2698 perfidiam
419 2621 602 2693 increparet,
627 2614 743 2672 auditus
762 2615 809 2674 est
830 2636 928 2697 magno

244 2700 358 2757 silentio
379 2699 598 2757 malevolorum.
616 2693 680 2752 Res
698 2694 787 2754 ondit
807 2700 834 2756 ei
849 2699 927 2756 velte·

242 2797 355 2837 menter
379 2777 532 2855 Pompeius
562 2820 571 2847 ‚
602 2715 800 2855 Cralllrmque
830 2776 930 2836 descri-

243 2861 320 2935 psit:
342 2858 469 2935 dixitque
489 2857 613 2934 aperte,
634 2853 662 2913 se
684 2858 880 2917 munitiorem
900 2856 931 2914 ad

243 2934 458 2994 custodiendam
488 2939 578 2995 vitam
604 2932 682 2991 suam
717 2933 819 3009 fote,
855 2937 932 3017 quam

243 3013 395 3074 Africanus
417 3013 530 3087 fuisset,
551 3034 638 3094 quem
663 3012 700 3072 C.
721 3012 829 3075 Carbo
852 3020 933 3076 inter·

244 3093 362 3159 emillet.
386 3094 483 3174 ltaque
504 3116 550 3153 ma
570 3116 614 3151 nae
636 3095 707 3151 milti
725 3116 772 3153 res
792 3095 853 3174 jam
869 3118 928 3156 mo-

243 3179 306 3235 veri
328 3175 508 3235 videbantur.
535 3116 613 3231 llam
631 3172 793 3252 Pompeius
813 3179 874 3235 haec
892 3181 931 3236 in·

244 3256 370 3336 telligit,
394 3255 598 3332 nobiscumque
619 3258 823 3315 communicat
838 3302 847 3330 ,
865 3260 932 3317 insi·

245 3337 306 3406 dias
322 3339 389 3397 uitae
406 3334 460 3394 suae
477 3333 556 3393 fieri:
575 3331 612 3392 C.
629 3331 780 3393 Catonem
801 3359 819 3396 a
836 3334 929 3398 Crallo

244 3414 406 3483 sustentati:
432 3414 539 3474 Clodio
559 3418 713 3492 pecuniam
733 3417 929 3494 suppeditari:

245 3512 397 3575 utrumque
419 3495 503 3553 &ab
526 3514 588 3565 eo,
614 3493 646 3551 &
666 3516 683 3553 a
706 3491 867 3569 Curione,
887 3497 933 3556 Bi·

245 3576 335 3647 bulo,
356 3573 511 3653 ceterisque
530 3573 583 3632 suis
601 3571 851 3635 obtrectatoribus
869 3599 933 3636 con·

246 3652 375 3735 firmari:
398 3657 587 3721 vehementer
611 3650 667 3712 elle
691 3657 931 3731 providendum,

246 3752 288 3803 ne,
301 3738 504 3816 opprimatur,
536 3736 725 3801 concionatio
747 3737 802 3799 illo
829 3738 934 3820 populo
