2409 5492
509 1072 721 1132 diutissimete
749 1067 874 1147 jucundi
899 1071 1037 1149 opinione

509 1172 594 1222 rem,
611 1149 660 1210 sed
674 1153 760 1211 etiam
776 1152 841 1228 quia
856 1166 934 1209 tanta
952 1150 1054 1209 adhibe

511 1253 528 1291 a
550 1231 633 1290 nobis
652 1228 720 1302 ‚‘'&
741 1251 758 1287 a
778 1230 947 1309 praetoribus
967 1248 1054 1291 conte

509 1331 572 1371 rem
593 1310 671 1390 poiie
693 1308 797 1368 confici
815 1330 875 1368 non
896 1307 1054 1371 diffiderem

551 1411 580 1449 2.
609 1390 691 1449 Nunc
715 1392 851 1470 quoniam
874 1391 915 1448 ita
935 1390 1054 1463 acciditff

503 1488 566 1549 ,que
592 1480 729 1550 praeto'res
758 1468 812 1528 suis
845 1470 980 1549 opibus,
1008 1488 1054 1530 net

509 1549 607 1610 nostro
633 1549 725 1610 studio
752 1550 907 1629 quidquam
951 1548 1053 1613 toficer

509 1651 602 1704 mus,
630 1630 670 1691 est
698 1633 819 1690 omnino
843 1572 958 1692 difficiie
979 1650 1042 1693 non

507 1712 541 1773 id
558 1711 657 1785 fetre3
675 1709 724 1771 sed
744 1729 842 1771 tamen
860 1708 972 1771 nostros
990 1712 1054 1771 anitt

509 1794 595 1852 trimis
618 1794 648 1850 in
667 1791 752 1851 rebus
772 1791 802 1851 ὅ(
823 1790 981 1871 gerendis,
1001 1792 1054 1851 &t

511 1872 554 1931 dis
577 1874 747 1933 exercitatos
755 1912 771 1944 -‚
792 1869 885 2008 frangi
910 1870 1054 1931 &debili

509 1951 587 2011 lestit
611 1974 672 2011 non
691 1969 818 2031 oportet.
873 1968 885 2009 t
903 1954 1041 2030 quoniam

509 2031 658 2091 lestissimi
676 2031 751 2092 ferre
769 2033 902 2091 homines
919 2030 1048 2105 debent,

510 2110 607 2170 sorum
617 2112 701 2189 culpi
712 2111 856 2171 contraria
865 2110 928 2171 sunt
939 2156 949 2186 ,
959 2110 1000 2173 est
1011 2112 1054 2195 qiu'

507 2189 561 2250 hac
585 2211 615 2251 re
635 2191 705 2250 mihi
727 2191 873 2252 molestiis
893 2190 1046 2253 ferendum

507 2271 583 2331 tibi:
601 2270 706 2331 fadum
725 2270 767 2331 est
785 2276 863 2332 enim
878 2272 944 2332 med
960 2271 1045 2353 culp'i

508 2350 596 2431 quim
619 2370 652 2433 ru
670 2372 786 2413 mecum
809 2353 842 2412 &
863 2350 1045 2429 proficiscens

507 2432 617 2493 litteras
640 2436 761 2513 egeras,
786 2449 817 2492 ut
840 2436 935 2512 priore
946 2452 1054 2499 ,annor

507 2513 672 2573 cederetur:
688 2513 767 2592 quod
780 2533 857 2594 ego,
872 2513 940 2572 dum
952 2512 1054 2575 socion

507 2593 655 2666 consulo,
678 2594 747 2652 dum
772 2592 958 2671 impudentiae
981 2612 1054 2653 nom

507 2676 721 2753 negotiatorum
740 2673 866 2745 resisto,
887 2674 957 2733 dum
976 2672 1054 2735 nostr

507 2755 576 2804 riam
599 2752 648 2804 turi
666 2754 771 2804 virtute
789 2755 884 2804 arroeri
903 2768 1054 2804 eunetn.t
