2409 5492
419 1241 489 1307 'ao
525 1233 780 1308 Bouron.
862 1255 941 1333 44¹

257 1351 381 1436 imperiti
396 1353 441 1412 vir
449 1354 567 1413 omnium
578 1356 826 1433 prudentissimus,
837 1377 874 1415 an
885 1378 946 1416 arn·

257 1437 357 1496 litiosl
366 1431 478 1513 secrffe,
495 1435 543 1512 qui
553 1435 768 1496 valentissimum
787 1439 943 1497 Antonium

252 1515 390 1596 Μάρκε
406 1535 457 1594 pro
473 1515 613 1595 republica
633 1539 688 1576 non
705 1518 838 1578 dubitarit
854 1519 946 1578 inimi·

258 1596 351 1661 aum?
365 1594 467 1674 Nescio
484 1596 552 1672 quid
561 1594 680 1673 scribam
694 1599 757 1670 tibi,
772 1601 827 1658 nisi
838 1619 944 1671 tntum,·

254 1679 336 1758 pueri
361 1675 389 1736 δ’
416 1676 616 1755 cupiditatem,
636 1676 663 1735 δ’
690 1678 828 1738 licentiam
846 1679 944 1759 potiris

258 1753 309 1835 effi
319 1758 481 1826 irritatam,
503 1755 584 1834 quim
598 1755 737 1837 'repreffiern
756 1780 775 1816 a
792 1759 946 1832 Cicerone,-

257 1846 416 1915 ut'sttentque
441 1858 500 1895 eum
520 1835 635 1896 triluere
657 1839 722 1897 ltuic
749 1839 945 1919 indulgentia,

257 1934 291 1979 nt
299 1916 332 1997 se
352 1917 501 1976 maledillis
519 1939 575 1976 non
590 1919 736 1998 abstineat,
754 1920 792 1979 iis
811 1920 942 1999 quidem,

257 1998 366 2078 qua-in
380 1996 467 2077 ipsum
490 1997 637 2078 dupliciter
654 1999 778 2060 recidunt
794 2019 808 2070 ;
823 2001 897 2078 quid
914 2000 943 2062 ὁ*

254 2078 352 2159 plures
366 2078 467 2137 occidit
486 2078 654 2158 uno,sequt
671 2078 751 2158 priris
770 2099 872 2159 oportet
885 2079 944 2160 fo·

257 2161 487 2221 uaiunsicarium
499 2201 508 2230 ,
522 2159 601 2236 qudrn
616 2156 729 2236 objiciat
746 2159 854 2237 Casca,
870 2163 946 2241 quod
995 2223 1003 2233 ,

256 2235 379 2319 aljiclt5
398 2239 425 2297 fr
443 2240 565 2297 imitatur
579 2240 609 2296 in
628 2238 715 2316 Casca
729 2240 855 2319 Bestiam.
871 2246 944 2313 An,

257 2320 327 2400 quia
338 2341 394 2379 non
406 2318 529 2378 omnibus
547 2319 621 2376 loris
627 2315 764 2397 pellamus
778 2321 846 2380 Idus
860 2326 944 2381 Mar-

257 2398 475 2473 tias‚,einr'1inr
488 2416 569 2476 atquc
586 2398 635 2457 ille
660 2400 760 2458 Nonas
780 2403 943 2462 Decembres

252 2479 326 2560 sitas
339 2482 379 2545 in
405 2501 449 2540 ore
469 2479 576 2548 ltahtt,
602 2478 633 2537 el
659 2479 766 2538 meliore
788 2482 943 2540 conditione

258 2562 355 2622 Cicero
385 2560 592 2641 pulcherrimum
612 2555 717 2638 folium
750 2560 943 2639 vituperabit,

258 2643 341 2721 quim
359 2643 451 2722 Bestia
472 2641 632 2701 &Clodius
643 2641 839 2720 „reprehendere
865 2641 945 2701 illius

258 2722 429 2802 consulatum
436 2721 516 2801 fhliti
522 2720 615 2801 fiant?
636 2717 789 2800 Sustinuiffe
804 2721 870 2779 milii
878 2722 945 2802 glo-

259 2804 349 2865 riatur
366 2802 464 2862 bellurn
486 2801 604 2864 Antonii
621 2819 729 2883 togatus
743 2803 833 2861 cicero
850 2805 943 2883 noster.

260 2886 343 2965 Quid
358 2885 407 2943 ltoc
427 2885 493 2943 milti
511 2883 618 2964 prodest
626 2925 638 2953 ,
664 2882 689 2940 si
708 2903 805 2941 merces
824 2883 948 2944 Antonii

260 2966 384 3045 oppressi
399 2965 523 3045 poscitur
540 2964 570 3021 in
586 2963 706 3023 Antonii
732 2965 818 3023 locum
832 2961 949 3043 fitcces·

261 3045 337 3107 sio?
355 3047 382 3105 6·
396 3089 408 3115 ,
425 3046 452 3103 si
469 3046 571 3105 vindex
590 3045 669 3103 illius
679 3043 748 3104 mali
759 3047 851 3103 auflor
868 3047 949 3126 exsti-

260 3122 299 3185 tit
313 3127 447 3196 alterius,
463 3121 713 3204 fiendamentum&
738 3125 844 3182 radices
861 3126 950 3183 tabi·

261 3208 318 3267 turi
340 3208 473 3277 altiores,
495 3207 520 3265 si
539 3207 681 3284 patiamur
701 3206 717 3263 ,Ρ
740 3222 770 3262 ut
789 3202 851 3280 jam
875 3207 924 3284 isto
937 3246 950 3275 ,

261 3308 321 3368 qna
336 3286 412 3365 fitcit
423 3330 434 3358 ,
455 3308 509 3346 non
537 3285 773 3355 dominationem,
801 3304 855 3342 non
870 3326 880 3356 ,
898 3282 951 3359 fed

261 3368 402 3428 dominum
418 3367 574 3429 Antonium
596 3367 715 3425 timentis
732 3366 796 3422 sint.
811 3364 873 3444 Ego
894 3386 951 3423 au-

261 3466 315 3508 tem
333 3451 450 3530 gratiam
470 3470 524 3506 non
543 3447 652 3515 liabeo,
673 3448 698 3504 si
717 3446 806 3524 quis,
832 3445 895 3504 dum
917 3466 952 3504 ne

261 3529 336 3589 irato
350 3528 483 3608 serviat,
508 3549 560 3588 rem
584 3524 671 3606 ipsam
700 3548 754 3586 non
781 3522 950 3602 deprecatur.

262 3610 349 3671 Immo
370 3608 569 3690 triumphus&
587 3609 750 3688 stipendium
771 3603 951 3677 decernitur,

263 3689 292 3748 ft
314 3691 440 3750 omnibus
465 3688 575 3748 decretis
598 3707 720 3748 ornatur.
747 3687 819 3744 Eum
845 3688 952 3767 pudeat

263 3771 451 3853 concupiscere
464 3768 626 3849 fortunam,
646 3770 724 3850 cnjus
747 3786 841 3826 nomen
858 3767 954 3848 susce.-

768 3843 830 3908 Tv
