2409 5492
287 1260 348 1311 AD
362 1241 613 1332 Q.Fn,rrnarr
624 1239 792 1311 LJBJII.
821 1260 897 1334 377

220 1357 309 1420 vobis
327 1371 471 1416 venerunt
494 1377 519 1414 a.
539 1356 567 1414 d.
587 1373 624 1414 1x
641 1355 706 1415 Kal.
721 1354 802 1436 Sept.
816 1358 900 1416 vice·

216 1440 292 1497 rimo
312 1436 371 1496 die.
390 1435 421 1495 Ο
433 1454 481 1495 me
498 1435 671 1496 sollicitum!
703 1455 822 1496 uantum
838 1456 897 1517 ego

214 1518 297 1577 dolui
316 1519 346 1575 in
363 1514 483 1576 Caesaris
503 1516 673 1575 suavissimis
683 1458 789 1577 iirreris
807 1518 815 1576 !
831 1515 895 1590 sed,

214 1599 275 1680 quo
297 1615 379 1657 erant
397 1595 558 1669 suaviores,
580 1599 617 1656 eb
643 1594 783 1674 maiorem
806 1597 897 1655 dolo-

213 1698 278 1739 rem
297 1679 373 1739 illius
389 1678 436 1736 ille
456 1675 533 1736 casus
547 1675 693 1736 afferebat.
712 1675 770 1737 Sed
782 1677 818 1736 ad
833 1692 896 1735 ruas

213 1761 305 1820 venio
319 1758 436 1817 litteras.
452 1756 580 1816 Primum
592 1775 672 1816 tuam
684 1761 897 1816 remansionem

214 1841 306 1900 etiam
316 1855 401 1918 atque
412 1839 499 1897 etiam
506 1837 601 1917 probo
609 1882 618 1908 ‚
627 1836 781 1917 praesertim
791 1857 898 1916 quum,

213 1938 246 1979 ut
257 1917 355 1977 scribis
368 1962 377 1991 ‚
390 1939 455 1977 cum
466 1917 579 1978 Caesare
591 1920 820 1977 communicaris.
832 1914 899 1996 Op-

214 2000 298 2078 pium
321 2000 410 2057 miror
426 1998 584 2078 quidquam
607 2019 673 2057 curn
689 1997 811 2057 Publio:
828 1997 899 2055 mihi

215 2080 295 2139 enim
312 2098 374 2137 non
390 2077 542 2158 placuerat.
558 2075 653 2155 Quod
673 2079 809 2138 interiore
826 2075 900 2157 epis·

215 2158 279 2220 sold
292 2157 389 2217 scribis
405 2178 452 2218 me
468 2156 602 2239 ld.‘Sepr.
615 2157 756 2238 Pompeio
770 2159 898 2239 legarum

214 2241 273 2309 iri,
290 2237 348 2300 ide
371 2260 390 2296 o
403 2259 464 2299 uon
474 2240 570 2298 audivi
584 2259 593 2310 ;
609 2239 704 2319 scripsi
726 2259 762 2298 ue
779 2240 816 2298 ad
831 2236 899 2298 Cae·

215 2319 324 2390 sarem,
363 2320 493 2379 ibuilium
505 2317 623 2379 Caesaris
634 2262 768 2379 mandata
779 2319 817 2378 de
831 2339 896 2380 mea

215 2402 368 2460 mansione
380 2399 416 2459 ad
434 2398 606 2479 Pompeium
619 2398 761 2480 pertulisse
773 2444 782 2471 ‚
794 2419 848 2458 nec
861 2398 899 2457 ad

215 2478 361 2561 Oppium.
380 2479 454 2558 Quo
467 2483 588 2540 consilio
607 2479 617 2538 ἓ
638 2500 812 2561 quamquam
825 2477 898 2557 Op-

236 2562 298 2621 ium
320 2581 377 2642 ego
398 2563 497 2632 tenui,
518 2560 598 2640 quod
614 2564 723 2640 priores
737 2577 831 2659 partes
845 2557 900 2616 Vi-

215 2582 298 2701 iunii
316 2659 396 2702 erant
414 2661 421 2699 :
442 2662 507 2701 cum
526 2661 564 2701 eo
585 2642 663 2700 enim
685 2660 783 2699 coram
804 2636 899 2698 Caesar

216 2737 333 2802 egerat,
349 2721 385 2780 ad
406 2721 540 2801 Oppium
564 2718 719 2799 scripserat.
741 2716 805 2800 Ego
825 2718 899 2777 vero

216 2801 309 2863 nullas
323 2798 441 2869 'rursm
451 2800 586 2880 oponsius
606 2800 711 2861 habere
722 2797 843 2938 (possum
868 2800 899 2858 in

217 2881 337 2945 casaris
355 2880 457 2941 rebus:
474 2880 522 2940 ille
546 2879 617 2939 mihi
635 2879 720 2940 secun
742 2884 790 2940 iim
810 2895 840 2938 te
865 2879 898 2939 &

216 2962 325 3023 liberos
344 2957 456 3021 nostros
473 2964 513 3019 ita
532 2959 592 3032 est,
611 2978 642 3019 ur
661 2962 695 3020 sit
717 2980 792 3042 pene
813 2983 863 3040 par
886 2980 895 3018 r

216 3043 322 3103 videor
347 3041 377 3099 id
402 3038 508 3116 judicio
531 3040 624 3100 facere
643 3060 653 3114 ;
672 3039 730 3118 jam
749 3043 827 3102 enirn
848 3041 900 3101 de-

217 3123 297 3185 beo:
314 3121 363 3181 sed
380 3139 478 3180 tamen
495 3141 593 3180 amore
616 3122 676 3180 sum
694 3122 831 3181 incensus.

258 3199 313 3262 Vl.
334 3199 439 3278 Quum
451 3199 617 3281 scripsissem
631 3201 692 3258 haec
704 3199 823 3269 infima,
835 3219 899 3278 quae

220 3281 285 3343 sunt
303 3285 369 3342 mei
380 3302 486 3353 manu,
504 3281 585 3339 venit
594 3279 631 3338 ad
643 3300 696 3338 nos
713 3277 818 3339 Cicero
836 3295 900 3337 tuus

217 3362 256 3421 ad
268 3382 383 3422 coenam
395 3405 407 3430 ,
421 3381 510 3439 quum
526 3359 686 3440 Pomponia
703 3357 780 3418 foras
799 3380 899 3418 coena·

217 3460 263 3501 ret
276 3442 375 3502 :dedit
388 3442 457 3500 mihi
470 3438 619 3518 epistolam
638 3440 789 3521 legendam
801 3458 900 3512 ruam,

218 3542 307 3601 quam
325 3521 411 3603 paulo
427 3522 492 3579 anre
510 3539 679 3599 acceperat,
690 3517 900 3599 Aristophaneo

218 3603 333 3673 modo,
349 3600 434 3661 valde
448 3600 654 3660 mehercule&
667 3599 783 3658 suavem
798 3601 829 3658 ὅ(
841 3618 900 3681 gra·

217 3700 307 3751 vem,
324 3685 380 3762 qun
398 3679 459 3740 sum
477 3680 636 3740 admodum
652 3679 815 3738 delediarus.
834 3679 902 3737 De·

217 3762 263 3827 dit
282 3765 370 3828 etiarn
388 3761 505 3824 alteram
524 3762 602 3823 iliam
622 3759 715 3836 mihi,
736 3760 793 3843 qud
817 3757 901 3839 juber
