2409 5492
327 1272 400 1347 'Ao
420 1277 652 1349 Fruitur.
671 1279 758 1351 ΜΒ.
778 1280 845 1351 XI.
882 1303 938 1378 45

259 1393 393 1454 mltos&
416 1389 557 1453 defensos
579 1389 636 1454 esse
661 1395 789 1456 memini.
815 1394 852 1456 Et
874 1397 939 1479 post

259 1495 346 1534 meum
362 1473 494 1534 reditum
507 1517 517 1544 ‚
529 1471 616 1551 quim
633 1471 808 1537 familiariter
821 1497 938 1540 mecum

259 1557 378 1626 vixeris,
400 1573 528 1632 quaeque
547 1573 605 1634 ego
624 1553 661 1613 de
681 1572 710 1615 te
730 1556 762 1632 ὃς
780 1556 937 1634 senserim,

260 1633 508 1712 &praedicarim
529 1652 658 1706 omnes,
691 1638 739 1715 qui
762 1635 853 1696 solent
872 1638 936 1699 haec

261 1713 509 1785 animadvertere,
532 1709 617 1772 testes
638 1712 787 1775 habemus.
813 1716 939 1779 Gravis-

262 1795 354 1851 simum
376 1794 454 1852 verb
474 1791 614 1870 judicium
632 1792 669 1852 de
689 1814 756 1854 mea
771 1794 829 1855 fide
848 1797 879 1856 ὃ(
900 1798 938 1859 de

265 1871 412 1932 constantia
428 1870 539 1942 fecisti,
555 1891 646 1952 quum
660 1871 724 1952 post
738 1892 864 1935 mortem
876 1876 940 1936 Cae·

265 1951 320 2012 saris
340 1970 441 2014 totum
462 1969 493 2012 te
518 1951 555 2010 ad
572 1953 726 2011 amicitiam
747 1973 844 2015 meam
865 1977 942 2017 con·

262 2031 336 2092 tulisti
376 2032 479 2112 Quod
506 2049 585 2091 tuum
612 2029 773 2110 judicium,
799 2037 852 2095 nisi
875 2037 942 2098 mei

262 2111 364 2173 summi
383 2111 597 2173 benevolendi
620 2131 688 2194 erga
709 2131 766 2183 te,
791 2115 943 2176 omnibus·

262 2214 311 2274 que
331 2195 445 2254 meritis
467 2191 683 2272 comprobato,
702 2196 712 2253 i
734 2194 761 2253 se
779 2215 827 2256 me
845 2195 943 2256 homi·

262 2292 325 2334 nem
338 2295 401 2333 non
420 2272 543 2352 putabo.
564 2270 631 2347 Tu,
647 2276 687 2332 mi
705 2216 808 2355 ὅρρὶ,
826 2277 944 2338 conser-

262 2355 338 2414 vabis
362 2372 497 2413 amorem
519 2370 601 2412 tuum
628 2357 712 2427 (etsi
743 2374 826 2416 more
850 2362 942 2440 magis

265 2433 315 2494 hoc
339 2434 461 2515 quidem
482 2431 597 2505 scribo,
615 2432 703 2513 quim
719 2437 777 2513 qui>
793 2454 822 2495 te
841 2437 944 2498 admo·

267 2514 390 2575 nendum
410 2511 539 2593 putem)
554 2532 676 2652 meaffue
694 2516 792 2574 omnia
808 2517 946 2591 tuebere;

266 2615 325 2734 im
341 2595 395 2655 tibi
417 2613 457 2653 ne
476 2595 575 2674 ignota
596 2613 613 2652 e

283 2699 297 2735 a

635 2611 710 2666 ent,
739 2593 839 2653 Attico
858 2616 946 2656 man-

298 2678 350 2734 vi:
373 2697 391 2734 a
420 2691 469 2732 me
497 2690 616 2746 autem,
638 2694 727 2753 quum
750 2674 867 2753 paulitm
894 2679 947 2737 otii

267 2755 340 2815 naeii
363 2755 497 2824 erimus,
518 2752 667 2812 uberiores
694 2755 800 2813 litteras
825 2754 947 2836 exspec-

270 2850 341 2894 tato.
366 2833 415 2892 Da
443 2851 565 2912 operam
591 2848 623 2891 ut
644 2833 768 2894 valeas:
798 2834 855 2897 hbe·
878 2836 948 2897 mihi

269 2917 375 2998 gratius
391 2913 489 2976 facere
508 2913 578 2972 nihil
594 2930 690 2993 potes.

653 3489 709 3516 ..Ι
