2409 5492
502 1165 534 1206 2.
544 1076 641 1207 No
652 1165 674 1207 ra
696 1146 907 1226 occupatione,
924 1143 983 1226 qua
1002 1148 1054 1208 era

488 1225 664 1305 impeditus,
678 1226 728 1286 sed
739 1226 857 1306 parvuli
871 1227 1042 1306 lippitudine

489 1322 536 1365 tus
552 1305 640 1380 snm,
660 1323 692 1366 ut
708 1307 843 1366 didiarem
862 1306 936 1366 hanc
951 1304 1054 1387 epistoh

488 1404 569 1456 non,
585 1402 617 1444 ut
638 1386 676 1445 ad
697 1402 727 1446 te
747 1387 848 1459 soleo,
865 1385 924 1466 ipse
944 1384 1054 1447 scribere

489 1466 617 1545 primnm
632 1486 680 1526 me
697 1467 750 1526 tibi
764 1466 868 1526 excuso
881 1469 912 1526 in
926 1487 964 1526 eo
977 1465 1054 1547 ipio,

487 1562 519 1606 te
535 1543 656 1606 accuso:
673 1567 722 1606 me
737 1549 816 1607 enim
830 1547 923 1606 adhuc
936 1567 1054 1607 nemon

489 1646 561 1685 num
581 1625 651 1706 quid
668 1628 699 1684 in
718 1625 878 1687 Sardiniam
896 1628 1005 1688 vellem
1019 1645 1054 1702 ;t

489 1705 566 1786 saepe
579 1706 703 1782 habere,
751 1710 852 1782 i‚num
864 1709 935 1788 quid
945 1706 1054 1769 Roman

491 1806 629 1869 quaerant.
641 1786 715 1866 Quo
752 1788 788 1848 ad
803 1808 850 1848 me
867 1789 904 1848 de
919 1788 1054 1848 Lentulii

491 1871 612 1928 nomine
623 1867 769 1948 scripsisti,
778 1868 889 1929 locutus
902 1868 964 1927 sum
975 1888 1045 1928 cum

491 1946 1054 2110 iss;??s?r⁰inzt⁸p{{f¹3d‘;nid

476 2106 569 2165 -dinia
584 2110 753 2186 appositum
768 2109 804 2168 ad
818 2109 1052 2169 recordationem

488 2187 550 2245 ritae
566 2189 725 2248 memoriae.
743 2187 822 2248 Nam
839 2208 870 2249 ut
887 2190 936 2250 ille
951 2186 1054 2250 Gracc]

478 2274 560 2348 ¹gur,
574 2265 762 2349 posteaquam
778 2272 807 2328 in
824 2267 903 2329 istam
922 2272 1054 2350 provinci

481 2350 553 2422 nit,
570 2348 735 2409 recordatus
760 2348 819 2423 est,
835 2350 904 2430 quid
924 2350 997 2425 sibi,
1012 2352 1046 2410 in

488 2424 597 2489 Martio
613 2432 731 2489 comitia
750 2429 898 2490 consulum
917 2430 1054 2504 habenti,

489 2509 614 2589 auspicia
632 2507 798 2584 accidiffet;
818 2513 858 2570 sic
876 2528 907 2570 tu
926 2511 997 2570 mihi
1014 2513 1054 2573 vir

490 2587 621 2649 Sardinia
640 2589 677 2649 de
698 2589 792 2649 forma
810 2591 993 2665 Minuciana,
1006 2590 1039 2650 &

488 2670 613 2730 minibus
632 2667 838 2750 Pomponianis
858 2672 888 2729 in
908 2672 970 2729 otio
992 2690 1054 2731 rect

489 2748 550 2806 Sed
563 2771 621 2806 eno
636 2750 729 2808 adhuc
744 2753 802 2806 emi
818 2751 897 2806 nihil.
909 2748 1054 2806 Culleonis
