2409 5492
291 1119 356 1171 Ar>
372 1103 417 1194 Q.
431 1106 627 1174 Fnrrnurr
640 1106 726 1179 Lru.
738 1109 784 1177 II.
817 1129 836 1205 3
841 1128 895 1204 57

207 1215 316 1357 {etuias
337 1260 348 1290 ,
372 1216 438 1311 ‘fere
457 1237 522 1274 cum
545 1234 596 1311 tuo
616 1219 709 1279 reditu
730 1218 893 1302 jungentur.

234 1298 333 1377 ehqua
357 1298 536 1378 singulorum
558 1299 669 1359 drerum
687 1299 841 1360 scribemus
855 1303 893 1362 aci

208 1390 265 1449 te,
299 1378 325 1436 si
353 1378 444 1465 modo
473 1378 636 1437 tabellarios
660 1397 691 1440 tu
723 1383 893 1460 praebebis:

208 1456 893 1601 Wffiissime'uesiiiisiissffmiffdibio’

209 1551 263 1677 usutae
283 1616 364 1677 aedes
385 1559 543 1677 urgentur.
567 1618 651 1679 Vale.
691 1583 702 1612 ⁹
821 1563 860 1622 pp

280 1744 465 1808 Maccus
507 1745 552 1826 Q.
591 1746 751 1808 Fanum
793 1746 824 1809 S.
902 1728 905 1737 ¹

212 1879 258 1929 Du
275 1878 344 1929 rebus
361 1879 464 1947 publicis
480 1883 581 1946 quadam
602 1896 611 1931 :
636 1881 690 1930 item
707 1883 735 1931 dc
755 1882 895 1944 callisthene

275 1954 300 2002 Gt
320 1950 421 2014 Philisto
438 1953 560 2014 historicis.
580 1953 653 2003 Anno
674 1953 705 2003 U.
721 1957 746 2004 C.
765 1963 820 2018 699.

217 2032 399 2180 13.R1S1
426 2104 524 2162 nivem
548 2118 669 2176 attam,
701 2121 787 2184 teque
812 2104 893 2165 hilari

214 2183 309 2241 animo
321 2179 379 2242 effe
393 2182 425 2240 &
438 2200 575 2263 prompto
588 2184 624 2241 ad
641 2180 794 2258 jocandum
808 2185 894 2245 valde

214 2280 260 2322 me
276 2257 369 2338 juvat.
390 2260 439 2322 De
458 2263 597 2342 Pompeio
615 2263 748 2323 assentior
762 2266 832 2332 tibi,
845 2264 894 2323 vel

215 2344 360 2421 euporius
378 2342 463 2401 mihi:
484 2363 573 2414 narn,
589 2361 619 2402 ut
636 2343 705 2416 scis,
722 2341 895 2421 jampridem

216 2419 293 2483 isium
304 2438 391 2482 cauto
407 2419 569 2482 Caesarem:
588 2424 772 2494 mihicrede,
786 2425 815 2480 in
831 2425 895 2481 sinu

216 2498 275 2577 est,
293 2522 390 2584 neque
405 2522 461 2584 ego
477 2503 564 2561 discin
585 2525 629 2560 or.
648 2502 800 2584 Cognosce
819 2521 895 2560 nunc

216 2580 289 2642 Idus.
311 2580 454 2642 Decimus
476 2602 536 2642 erat
556 2523 656 2643 goelio
681 2582 753 2642 dies.
782 2580 896 2640 Domi-

218 2663 269 2722 tius
298 2662 336 2721 ad
366 2683 517 2723 numerum
549 2661 658 2739 judices
694 2684 753 2720 non
785 2662 894 2721 habuit.

198 2739 332 2803 ·Vereor
355 2785 366 2815 ‚
392 2763 428 2802 ne
453 2743 542 2802 homo
571 2761 645 2802 teter
674 2743 705 2801 ὃ(
728 2742 803 2803 ferus
826 2741 896 2802 Pola

220 2819 332 2883 Servius
363 2822 400 2881 ad
431 2823 640 2882 accusationem
672 2827 797 2883 veniat:
829 2844 897 2882 nam

220 2900 310 2963 noster
331 2900 445 2962 Coelius
463 2904 548 2963 valde
567 2924 750 2983 oppugnatur
770 2926 786 2962 a
809 2921 896 2984 gente

220 2980 335 3045 Clodia.
354 2980 436 3042 Cerri
457 2984 526 3042 nihii
547 2982 587 3042 est
606 2985 719 3042 adhuc:
738 2984 785 3042 sed
806 3005 897 3044 vere-

220 3083 289 3125 mur.
313 3062 428 3122 Eodem
448 3065 533 3144 igitur
552 3063 598 3122 die
614 3063 714 3141 Tyriis
731 3061 772 3123 est
786 3061 897 3122 senatus

220 3142 300 3204 datus
319 3143 472 3223 frequens:
491 3143 655 3222 frequentes
672 3142 771 3201 contra
787 3140 899 3220 Syriaci

220 3224 372 3302 publicani.
386 3223 586 3282 Vehementer
600 3240 719 3282 vexatus
739 3219 898 3280 Gabinius:

219 3306 354 3384 exagitati
382 3321 479 3362 tarnen
509 3326 524 3362 a
557 3301 692 3361 Domitio
723 3302 897 3380 publicani,

238 3385 297 3445 uod
328 3403 396 3443 eum
424 3383 514 3443 eli'ent
542 3403 608 3441 cnm
638 3383 718 3461 equis
745 3380 900 3461 prosecuti.

219 3404 325 3524 ssoster
346 3462 445 3522 Lamia
466 3462 552 3542 paulo
569 3461 711 3534 ferocius,
729 3481 817 3540 quum
833 3459 913 3520 Do-.·

218 3547 315 3604 mitius
336 3542 475 3617 dixisset,
504 3544 593 3623 Vestra⁴
611 3542 694 3619 culpti
712 3543 769 3609 hec
789 3543 901 3599 accide-

217 3643 303 3702 runt,
322 3626 442 3705 Equites
461 3626 580 3686 Romani
590 3645 605 3697 ;
625 3619 747 3704 dissoluti
769 3623 838 3682 enim
851 3617 904 3702 ju·
