2409 5492
251 1208 331 1292 not
360 1270 362 1275 ,
406 1210 783 1284 Eurstontrrntt
819 1234 822 1239 ·
853 1260 856 1265 -

254 1327 439 1391 omnessuus
457 1326 701 1399 officiosissimus,
716 1319 836 1385 mirificd
850 1318 943 1404 quos²⁴
981 1374 983 1382 .

255 1410 323 1469 darn
346 1409 478 1469 homines
506 1429 542 1469 ex
570 1405 620 1466 ista
641 1408 793 1485 provincia
813 1420 941 1479 tuetur,

255 1490 291 1550 δι
310 1491 425 1571 diligit,
442 1506 598 1569 propterea
617 1487 698 1567 quod
716 1486 769 1547 fuit
787 1488 817 1545 in
836 1481 942 1545 Africa

255 1571 332 1642 bis,
364 1589 453 1650 quum
485 1570 617 1628 maximis
644 1565 786 1627 societatis
813 1565 944 1647 negotiis

257 1647 395 1730 praeeffet.
415 1647 516 1729 Itaque
534 1649 590 1708 hoc
611 1643 672 1724 ejus
689 1646 843 1718 officiuntf
855 1643 942 1726 quod

255 1728 375 1790 adhibet
391 1749 459 1812 erga
479 1729 567 1801 illos,
587 1747 644 1809 ego
664 1727 732 1786 med
750 1725 886 1787 facultate
906 1724 942 1785 &a

277 1850 279 1855 ·
294 1810 351 1870 atid
368 1809 449 1871 soleo
462 1854 472 1881 ‚
491 1825 630 1889 quantum
645 1805 757 1887 polium
767 1852 777 1882 ‚
789 1802 943 1885 adjuvare.

256 1831 362 1971 guare
393 1888 604 1970 Cuspianorum
628 1890 758 1948 omniunt
783 1905 944 1947 commen·

258 1971 387 2032 dationis
406 1969 518 2030 causam
540 1971 593 2029 hac
616 1970 667 2028 tibi
695 1967 818 2048 epistolia
841 1986 942 2047 expo-

259 2051 390 2113 nendam
408 2052 528 2130 putavi:
559 2050 674 2128 reliquis
696 2047 820 2128 epistolis
837 2092 854 2122 ‚.
875 2064 942 2107 tan-

260 2134 324 2192 tum
345 2130 476 2203 faciam,
506 2149 539 2190 nt
555 2147 713 2210 notam-ap
735 2147 942 2200 onam'eam,

283 2232 329 2271 uae
341 2210 412 2270 mihi
425 2229 522 2271 tecum
538 2212 696 2283 convenit,
758 2209 848 2269 simul
854 2208 944 2290 signi-

260 2232 350 2351 dcem
370 2292 407 2350 de
426 2311 548 2350 nurnero
568 2288 624 2351 elle
651 2287 755 2370 Cuspii
769 2292 941 2351 amicorum

261 2369 322 2432 Sed
345 2371 418 2431 hanc
443 2372 757 2444 commendationem,
786 2391 875 2451 quam
897 2370 942 2431 lus

261 2450 363 2514 litteris
383 2455 558 2534 consignare*
571 2452 679 2526 volui,
708 2450 779 2511 scito
797 2448 854 2512 elle
875 2468 944 2510 onu-

262 2535 345 2593 nium
363 2537 569 2615 gravissimam.
594 2531 672 2593 Nam
688 2529 720 2592 P.
739 2529 863 2614 Cuspius
877 2533 947 2591 sin·

260 2616 354 2696 gulari
383 2611 474 2675 studio
505 2613 655 2674 contendit
683 2635 700 2672 a
732 2632 804 2687 me,
834 2630 867 2673 ut
890 2611 946 2673 tibi

261 2695 352 2833 guam
372 2695 586 2783 diligentissime
607 2693 644 2755 L.
662 2692 773 2755 lulium
787 2713 946 2754 commen·

285 2797 374 2835 arem.
396 2772 464 2852 Ejus
487 2795 546 2912 ¹{go
566 2774 659 2834 studio
682 2775 731 2834 vix
750 2773 855 2834 videor
873 2774 949 2834 mihi·

263 2852 424 2913 satisfacere
446 2875 485 2934 po

509 2875 546 2927 e,
566 2856 589 2913 si
609 2872 671 2914 utar
692 2855 787 2915 verbis
808 2857 862 2929 iis,
879 2857 946 2936 qui-

262 2933 338 3005 bus,
360 2954 449 3013 quurn
469 2934 683 3014 diligentissimc
710 2935 779 3016 quid
801 2937 944 3016 agimus..

262 3015 304 3076 uti
322 3012 461 3074 solemus.
480 3011 568 3076 Noua
588 3017 721 3096 quadarn
739 3013 863 3095 postulat
876 3062 892 3090 ‚.
911 3015 943 3075 δε

261 3109 344 3173 putat
367 3112 414 3152 me
438 3090 500 3172 ejus
529 3100 642 3176 generis
670 3094 821 3165 artificium
844 3097 946 3177 quod-

262 3172 331 3232 dam
352 3189 463 3235 tenere.
487 3174 522 3235 Ei
540 3196 600 3258 ego
619 3177 763 3259 pollicitus
786 3177 874 3252 sum,
895 3198 944 3239 me

263 3275 301 3317 ex
320 3257 421 3315 intima
442 3255 536 3316 nostra
554 3275 621 3317 arte
636 3258 877 3338 deprompturum
892 3260 946 3317 nri·

262 3334 375 3396 rificunr
389 3339 763 3418 genus·eommendat-ionis.
776 3338 812 3397 ld
827 3338 943 3420 quando

261 3415 369 3496 allequi
384 3434 448 3480 rton
464 3415 599 3497 poffum,
617 3436 646 3476 tu
664 3439 694 3477 re
711 3419 801 3477 velint
818 3418 945 3494 efficias,

264 3515 298 3556 ut
317 3497 367 3556 ille
385 3517 490 3578 genere
512 3517 646 3557 mearum
667 3499 824 3559 litterarum
847 3501 946 3561 inore-

262 3576 347 3635 dibili
371 3578 507 3656 quiddam
535 3577 694 3659 perfedlum
720 3579 889 3642 arbitretur..
910 3580 946 3641 Id

262 3654 375 3729 facies,
393 3660 423 3717 si
437 3678 524 3719 omne
546 3679 636 3741 genus
655 3661 850 3736 liberalitatis,
864 3660 946 3743 quod

261 3735 298 3803 ‚tu
313 3736 350 3796 ab
367 3737 542 3802 humanitate
563 3740 594 3803 &
612 3739 756 3828 ,potestate
779 3760 833 3805 tua.
852 3741 946 3825 proli·⁸
