2409 5492
287 1277 352 1328 Al>
372 1260 416 1352 Q.
431 1261 628 1331 Fnarnnrr
643 1268 733 1336 nm.
750 1267 797 1338 II.
825 1288 900 1364 359

289 1402 469 1466 Murcus
510 1403 555 1485 Q.
594 1408 755 1471 anrnr
796 1411 828 1475 S.

217 1542 301 1617 Qm
322 1560 400 1614 agar,
414 1561 596 1597 commemorat:
617 1548 708 1619 Quinto
728 1569 821 1618 operam
834 1549 901 1619 suam

247 1618 273 1667 in
294 1617 364 1667 rebus
383 1618 431 1682 ejus
447 1619 604 1685 pollicetur:
624 1623 664 1672 M.
684 1624 774 1692 Orfium
795 1627 827 1694 6·-
839 1625 899 1677 Tre·

250 1690 342 1741 baiam
364 1693 518 1742 comendae.
536 1695 610 1744 Anno
629 1693 663 1745 U.
680 1699 706 1746 C.
724 1704 780 1760 699.

217 1791 437 1935 ¹4Duns
463 1860 556 1920 adhuc
576 1881 593 1920 a
613 1880 643 1922 te
668 1863 765 1944 accepi
788 1862 900 1943 episto·

213 1941 285 2014 12s;
318 1960 439 2022 quarum
474 1942 593 2002 alteram
628 1946 657 2002 in
688 1947 749 2025 ipso
783 1944 899 2006 discessu

213 2018 335 2094 nostro,
356 2021 474 2082 alteram
493 2021 628 2083 Arimino
645 2024 741 2085 datam
758 2046 765 2084 ε
784 2026 902 2105 plures,

212 2122 287 2241 ἕως
310 2099 408 2161 scribis
430 2119 458 2162 te
480 2102 611 2163 dedisse:
634 2127 694 2165 non
719 2125 900 2186 acceperam.

225 2203 278 2264 -go
296 2201 347 2242 me
364 2184 394 2260 in
412 2180 547 2244 Cumano
566 2186 597 2243 &
612 2184 809 2266 Pompeiano,
826 2207 902 2267 prae·

212 2280 348 2343 terquam
379 2263 460 2344 quod
490 2267 552 2324 sine
584 2258 645 2339 te,
675 2270 803 2328 ceterum
834 2268 899 2328 satis

212 2340 375 2404 commode
390 2343 589 2415 oblectabam,
606 2346 638 2405 &
653 2366 733 2407 eram
749 2350 779 2407 in
799 2346 900 2409 iisdem

211 2424 287 2485 locis
307 2422 398 2506 usque
418 2425 454 2484 ad
476 2425 541 2485 Kal.
560 2425 625 2486 Jun.
640 2425 761 2488 futurus.
784 2428 900 2488 Scribe·

211 2504 282 2565 bem
302 2504 376 2578 ille,
398 2523 465 2587 quae'
479 2506 632 2579 dixeram,
656 2511 803 2578 muricatim
828 2506 899 2588 spis·

212 2584 277 2647 sum
303 2582 371 2646 sane
395 2608 470 2666 opus
497 2587 529 2647 &
549 2585 726 2666 operosum:
749 2586 798 2646 sed
819 2590 842 2648 si
861 2608 898 2648 ex

212 2665 356 2728 sententia
370 2664 554 2741 successerit,
573 2668 650 2727 bene
665 2669 719 2726 erit
736 2687 826 2746 opera
843 2689 900 2748 po-

214 2750 299 2809 sita:
329 2748 374 2807 sin
400 2751 525 2822 minus,
553 2749 583 2805 in
607 2747 677 2806 illud
703 2747 794 2825 ipsum
820 2767 899 2809 mare

214 2826 416 2906 dejiciemus,
442 2828 522 2910 quod
551 2827 706 2888 scribentes
733 2827 900 2909 spediurnus.

214 2908 433 2993 Aggrediemur
464 2910 549 2980 alia,
580 2911 718 2989 quoniam
752 2909 896 2988 quiescere

193 3011 276 3131 2³3⁹
306 2987 900 3150 ifflffmdmirigeiiiidiiinfiiiiiiuii

215 3154 288 3292 qu'b
305 3151 387 3211 sdam
404 3171 466 3246 non·
480 3152 649 3291 alienandg'.
670 3151 805 3209 Maximae
828 3154 899 3213 mihi

164 3359 169 3369 .
216 3251 406 3393 ddiiruncilddee
427 3247 578 3384 iideimu:
604 3247 899 3391 sciddiineqdotididni

165 3444 166 3452 ,
219 3389 264 3453 sed
282 3392 335 3454 ins
349 3395 453 3464 iciam,
474 3393 543 3471 quid
565 3391 671 3463 discat,
695 3391 781 3475 quim
802 3389 901 3471 saepis-

221 3472 308 3533 rime:
370 3517 380 3546 ,
396 3474 448 3530 nisi
467 3473 515 3532 ille
535 3490 722 3547 contemnet,
737 3475 824 3532 etiam
841 3492 900 3530 rna·

219 3552 334 3633 gistrum
354 3573 401 3613 me
422 3555 448 3611 ei
468 3551 647 3633 profitebor:
671 3551 750 3630 cujus
770 3554 810 3611 rei
829 3573 901 3610 non·

219 3634 325 3695 nullam
343 3633 579 3694 consuetudinem
600 3631 696 3691 nasius
713 3632 774 3691 sum
793 3634 822 3691 in
843 3631 900 3692 hoc
926 3660 930 3669 ·

219 3713 320 3776 horum
334 3716 446 3774 dierum
464 3716 548 3788 otio,
566 3712 712 3773 Cicerone
730 3709 826 3772 nostro
843 3713 900 3771 mi·

220 3805 286 3858 nore
317 3795 521 3878 perdocendo.
546 3793 626 3871 Tu,
652 3791 899 3876 quemadmodum
