2409 5492
331 1230 409 1316 '1'40
481 1225 853 1293 Errsronnnvru

329 1356 415 1418 atque
447 1340 542 1411 etiam,
563 1360 646 1419 rogo.
676 1336 780 1411 Illud,
811 1335 893 1417 quod
925 1334 1016 1416 suprb'*

328 1416 425 1498 scripsi
438 1461 447 1490 ‚
462 1418 492 1477 id
503 1420 561 1495 ‚tibi
579 1415 744 1490 confirmo,
764 1419 794 1476 in
814 1435 920 1496 meque
937 1420 1011 1477 reci·

329 1500 399 1577 pio,
417 1515 446 1557 te
465 1519 525 1570 ea,
551 1520 616 1580 quae
635 1496 725 1557 fecisti
744 1495 877 1557 Mescinii
899 1496 1013 1573 causi,

327 1598 449 1658 quaeque
470 1577 596 1653 feceris,
617 1581 657 1637 ita
675 1579 750 1638 bene
770 1579 982 1637 collocaturum
999 1620 1015 1653 ,
1036 1574 1044 1589 ⁵

327 1676 360 1723 ut
387 1656 445 1738 ipse
472 1655 581 1735 judices
603 1704 613 1732 ,
636 1659 746 1718 homini
772 1675 800 1718 te
842 1659 985 1717 ratissimo
998 1700 1014 1732 ‚

326 1734 536 1815 jucundissimo
560 1739 686 1820 benigne
707 1736 813 1798 feciffe.
863 1737 914 1797 olo
933 1739 1014 1797 enim

327 1817 366 1879 ad
384 1818 432 1892 id,
448 1818 527 1899 quod
539 1820 614 1893 meir
628 1819 713 1879 causti
729 1816 835 1891 fecisti,
848 1818 906 1879 hoc
921 1820 1014 1877 etiam

328 1899 478 1959 accedere.
513 1897 578 1959 Neo
611 1897 849 1958 Lacedaemonios
878 1898 1012 1959 dubitare

328 1980 475 2051 arbitror,
491 1980 561 2059 quin
583 1981 639 2058 ipsi
661 1977 709 2038 sud
731 1975 932 2058 majorumque
948 1977 1014 2039 suo-

328 2079 393 2133 rum
407 2058 571 2119 aubioritate
583 2058 646 2118 satis
660 2059 856 2119 commendati
872 2061 931 2119 sint
942 2056 1013 2119 fidei

327 2139 362 2198 &
381 2136 491 2216 justitiae
511 2156 593 2212 tnae·,
613 2138 645 2196 ὃ(
666 2158 752 2219 ego,
776 2142 826 2218 qui
849 2155 878 2198 te
897 2138 1012 2219 optime

327 2217 489 2290 novissem,
511 2240 571 2278 non
593 2218 745 2292 dubitavi,
766 2220 835 2298 quin
850 2218 903 2278 tibi
919 2221 1013 2287 notisae

330 2299 401 2359 sima
419 2299 450 2357 &
478 2296 539 2376 jura
557 2298 589 2358 ὃ(
604 2301 707 2358 merita
721 2300 897 2379 populorum
910 2296 1013 2361 essenti

326 2375 428 2458 Itaque
449 2400 537 2459 quum
559 2400 640 2439 ame
659 2397 770 2457 peteret
789 2379 938 2460 Philippus
953 2378 1013 2441 La·

327 2459 546 2530 cedaemonius,
569 2479 600 2519 ut
619 2460 672 2518 tibi
692 2462 838 2521 civitatem
854 2480 1013 2535 commen·

326 2539 428 2600 darem
443 2560 453 2613 ;
479 2543 533 2600 etsi
550 2543 739 2600 memineram
757 2577 766 2615 ,
794 2559 842 2600 me
861 2543 890 2600 ei
901 2540 1013 2617 civitati

327 2623 426 2683 omnia
450 2621 585 2693 debere,
610 2638 707 2680 tamen
733 2619 896 2700 respondi,
921 2626 1013 2685 cont-s

326 2696 513 2761 mendatione
536 2701 775 2761 Lacedaemonios
799 2700 877 2780 apud
897 2718 927 2761 te
946 2722 1013 2763 uon

327 2800 425 2861 egere.
454 2780 554 2860 Itaque
576 2785 616 2840 sic
644 2782 735 2842 veiim
760 2781 933 2856 existimes,
961 2801 1014 2845 me

326 2881 429 2919 omnes
449 2862 566 2918 Achaiae
583 2864 713 2921 civitates
735 2863 860 2921 arbitrari
882 2883 937 2941 pro
954 2863 1013 2923 ho-

326 2959 389 2996 rum
400 2956 565 3016 temporum
576 2941 788 3018 perturbatione
800 2941 916 3015 felices,
927 2936 1012 3023 qubd

324 3034 357 3076 tu
381 3019 423 3076 his
447 3021 545 3097 praesis
563 3039 572 3089 3
592 3022 786 3102 eumdemque
805 3042 852 3083 me
873 3025 912 3081 ita
928 3020 1012 3101 judi-

326 3118 415 3171 care,
437 3117 492 3171 re,
518 3099 596 3178 quod
616 3123 688 3161 unus
707 3103 816 3182 optime
836 3100 931 3162 nosses
948 3123 1011 3167 non

325 3177 420 3239 nostra
440 3178 528 3241 solum
549 3225 559 3252 ,
580 3181 736 3241 sedetiam
757 3181 880 3242 Graeciae
898 3203 1011 3245 monu-

325 3276 425 3319 menta
449 3263 568 3333 omnia,
587 3262 636 3319 tuti
657 3261 758 3341 sponte
778 3265 902 3323 amicum
917 3262 1011 3325 Lace·

325 3340 476 3400 daemoniis
496 3340 528 3399 &
546 3338 622 3413 effe,
638 3341 670 3400 &
685 3341 758 3402 fore.
777 3343 878 3422 Quare
895 3347 1010 3407 tantiuu

324 3442 342 3479 a
357 3438 386 3480 te
403 3439 497 3502 peto,
517 3437 571 3491 ut,
592 3441 681 3500 quum
697 3445 732 3483 ea
753 3422 839 3484 facies
860 3424 1025 3485 Lacedae-,1

326 3505 491 3562 moniorum
512 3498 615 3573 causi,
634 3522 697 3581 quae
717 3521 765 3563 tua
779 3503 879 3576 fides,
899 3507 1013 3586 ampli-

324 3581 415 3655 tudo,
435 3580 537 3659 justitia
547 3579 701 3720 fipostulat,
722 3603 753 3643 ut
769 3586 830 3657 his,
848 3587 872 3642 si
890 3586 945 3645 tibi
957 3588 1010 3645 vi-

324 3660 456 3735 debitur,
473 3663 545 3740 signi
567 3681 635 3734 ces,
655 3680 683 3722 te
700 3684 759 3724 non
775 3663 894 3724 molesti
910 3664 1013 3740 ferre,¹

321 3739 405 3822 guod
420 3743 582 3826 intelligas,
597 3761 633 3804 ea
653 3764 716 3827 quae
728 3745 833 3821 facias,
845 3745 918 3808 mihi
931 3766 1014 3829 quo-
