2409 5492
226 1278 231 1293 ·
318 1246 382 1312 An
391 1206 826 1313 frustrantium.
862 1262 938 1341 ²29.

257 1353 345 1421 summ
363 1359 396 1417 in
416 1355 509 1421 sidem
526 1358 831 1442 necessitudinemque
853 1377 936 1421 tuam

256 1442 394 1521 recipias:
425 1435 510 1517 cujus
545 1434 632 1499 dubia
660 1437 776 1499 fortuni
807 1442 938 1502 rimidiirs

256 1534 338 1583 mmm
355 1516 690 1601 agebamusfverentes
700 1560 714 1593 r
726 1521 847 1601 nequid
862 1524 938 1580 acci·

256 1602 325 1662 deret
344 1597 495 1678 ejusmodi
506 1636 520 1673 ‚-
533 1616 566 1659 ut
583 1618 622 1660 ne
638 1615 674 1658 tu·
690 1600 807 1678 quidem
823 1601 937 1662 mederi

211 1712 213 1763 q
256 1680 335 1763 posses
348 1701 358 1753 ;
370 1679 530 1758 explorati
544 1680 618 1740 verb
634 1676 697 1755 ejus
713 1680 932 1756 incolumitate,

255 1762 341 1823 omnia
356 1780 375 1819 a
390 1778 423 1819 te
442 1757 535 1819 ¹studia
551 1758 663 1819 summi
681 1760 854 1899 cutdwqeto:
868 1778 935 1843 quae

256 1862 286 1903 rae
300 1839 412 1923 singula
432 1858 626 1912 enumerem,
640 1854 733 1898 totam
761 1842 768 1855 ‘
791 1844 801 1898 i
814 1841 935 1901 domum

259 1920 437 1983 commendo.
466 1918 502 1981 ln
530 1921 574 1979 his
602 1918 818 1980 adolestentem
842 1919 937 1981 filium

259 2001 335 2080 ejus,
367 2020 464 2082 quem
495 1996 534 2060 C·
561 1998 719 2059 Memmius
750 1998 905 2061 Gemellus
925 2012 938 2075 ‚'·

258 2086 332 2145 diens
358 2102 475 2155 meus,
504 2098 594 2159 quum
611 2082 641 2138 in
662 2080 823 2141 calamitate
845 2082 940 2141 exsilii

259 2164 288 2224 iu'
309 2162 459 2223 Patrensis
487 2161 559 2219 civis
584 2156 674 2220 sadus
700 2156 793 2236 effer,
817 2160 938 2224 Patren*

259 2247 317 2303 siun
333 2244 450 2326 legibus
467 2240 640 2319 adoptavit,
654 2256 686 2300 ut
700 2238 763 2319 ejus
778 2244 865 2323 ipsius
883 2243 939 2305 he⁴

259 2325 372 2385 feditatis
385 2322 433 2401 jus
449 2320 622 2402 causamque
636 2337 742 2382 tueare.
756 2319 852 2404 Caput
864 2324 938 2384 illud

260 2403 307 2479 tsi,
324 2421 360 2464 ut·
376 2401 555 2485 Lysonem,
573 2420 661 2480 quem
676 2421 734 2482 ego
749 2406 844 2463 virum
859 2408 939 2485 opti·

262 2505 327 2546 mum
348 2486 606 2567 gratissimumque
626 2486 755 2563 cognovi
774 2520 788 2557 ,ι
815 2487 938 2564 recipias

262 2563 542 2626 neccessitudinem
559 2580 653 2622 tuam·
671 2560 768 2640 Quod
780 2566 803 2622 si
814 2562 940 2638 feceris,

262 2667 311 2706 non
328 2646 456 2715 dubito,
479 2646 549 2723 quin
565 2645 594 2700 in
614 2663 652 2702 eo
671 2642 842 2723 diligend03
858 2662 940 2703 cete-

264 2726 342 2806 risque
352 2724 452 2807 postea
464 2723 725 2807 sommendandm
744 2724 846 2799 idem,-
858 2724 941 2807 qued

266 2825 314 2865 eo
334 2850 342 2879 ‚
363 2810 396 2866 sis
423 2803 528 2884 judicii
548 2804 581 2863 &
602 2803 762 2864 voluntatis
781 2804 940 2868 habiturus.

268 2826 350 2964 &uod
381 2906 474 2966 quum
506 2883 572 2945 sieri·
596 2884 787 2945 vehementer
815 2884 940 2962 studeo,

268 2984 318 3025 trun
338 2969 424 3027 etiam
443 2964 516 3024 illud
537 2985 665 3040 vereor,
684 2985 722 3025 ne
741 2969 874 3028 siminus
890 2990 945 3028 cu-

265 3049 359 3108 nune
374 3046 517 3107 videbere
530 3043 626 3105 secisse
642 3048 749 3126 aliquid
765 3046 826 3125 ejus
838 3052 946 3125 causei,

265 3148 301 3188 ue
317 3129 367 3189 ille
385 3128 569 3208 negligenter
589 3125 728 3207 scripsisse
750 3146 857 3207 putet,
878 3150 940 3190 uon

264 3224 287 3267 re
301 3209 422 3269 oblitum
435 3211 504 3267 mei.
519 3207 642 3284 Quanti:
653 3210 730 3267 enim
745 3228 798 3268 me
809 3209 919 3270 iaceres
932 3254 944 3284 ‚

264 3306 340 3366 quum
364 3309 401 3350 ert
430 3287 612 3348 sermonibus
638 3288 813 3368 quotidianis
840 3292 913 3346 meis
928 3332 945 3357 ,

262 3382 316 3427 rum
330 3368 512 3515 “Vifflffis
529 3370 624 3431 etiam
635 3371 691 3430 tuis
709 3372 806 3451 potuit
819 3366 944 3449 cognosq

266 3465 335 3519 tete.
