2409 5492
202 1312 204 1317 ,
281 1254 346 1309 so
362 1240 587 1307 Fsunun.
603 1237 690 1307 Lm.
705 1235 789 1306 XV.
814 1253 885 1327 241

209 1382 251 1459 id.
266 1380 311 1475 Τ.Ι
323 1380 363 1443 C.
382 1380 465 1441 lm».
476 1352 663 1531 sGPCgiio
683 1378 892 1455 Pnoousiss.

211 1606 376 1657 hermu
389 1600 418 1671 se
429 1602 559 1671 pollicetur
573 1601 643 1652 Fabii
657 1602 748 1659 causi,
762 1620 809 1671 qsae
823 1620 896 1672 roga.

241 1694 311 1729 vast
324 1679 439 1736 Cassius,
451 1694 520 1743 quem
536 1677 601 1725 dolet
616 1693 663 1725 non
677 1675 757 1742 ridiffe
772 1680 804 1725 ad
816 1677 895 1727 urbm

212 1796 215 1805 .
240 1769 256 1803 a
275 1751 407 1819 provincia
427 1751 568 1799 redeuntem.
586 1749 667 1816 Rogat
685 1782 694 1803 ,
714 1767 807 1814 operam
827 1750 896 1809 des,

244 1841 273 1873 ιι
291 1822 338 1873 sili
355 1824 466 1889 temporis
480 1821 571 1888 aliquid
584 1823 682 1870 accedat
695 1822 727 1869 ad
739 1838 823 1873 annum
835 1840 896 1889 pro·

213 1958 216 1965 Ι
244 1896 336 1947 vincia.
361 1896 437 1947 Anno
457 1893 490 1946 U.
513 1898 540 1945 c.
563 1911 621 1959 7⁰3·

215 2090 260 2145 14.
273 1998 408 2131 Mna
418 2086 437 2130 c
447 2087 470 2131 u
480 2088 506 2129 m
517 2068 639 2129 Fabium
654 2070 734 2150 quod
744 2070 815 2130 milii
827 2072 898 2132 ami·

213 2170 276 2213 cum
294 2150 348 2211 tusi
370 2150 626 2211 commendatione
646 2151 716 2226 das,
735 2152 845 2211 nullum
863 2156 894 2213 in

212 2252 246 2293 eo
266 2231 346 2291 facio
365 2229 502 2312 quaestum
516 2251 523 2288 :
539 2232 621 2290 multi
639 2232 717 2290 enim
730 2235 797 2291 anni
813 2232 895 2306 sunt,

213 2332 299 2393 qtmm
322 2311 371 2371 ille
394 2313 424 2370 in
443 2331 499 2370 aere
516 2331 583 2370 meo
603 2309 665 2384 est,
682 2312 713 2371 &
730 2334 746 2371 a
764 2333 811 2373 me
830 2313 898 2373 dili·

230 2396 283 2455 ‘tur
300 2408 424 2472 propter
439 2390 579 2450 summam
595 2390 672 2451 suam
687 2391 895 2453 humanitatem

213 2412 242 2533 E
268 2471 494 2533 observantiam.
528 2470 586 2532 Sed
611 2488 737 2544 tamen,
765 2473 844 2551 quod
864 2490 895 2532 te

214 2554 301 2615 abeo
318 2573 337 2614 e
360 2552 437 2633 regie
453 2552 533 2632 diligi
548 2551 646 2624 sensi,
665 2551 758 2611 multo
774 2553 897 2611 amicior

214 2635 239 2695 ei
255 2632 321 2695 sum
373 2631 442 2691 etus.
463 2631 585 2712 ltaque,
606 2651 780 2711 quamquam
797 2630 898 2710 profe·

215 2714 313 2775 oet'unt
331 2713 434 2773 litterae
452 2728 529 2786 tuae,
545 2727 644 2771 tamen
664 2711 809 2790 aliquanti)
830 2710 897 2791 plus

216 2793 475 2855 commendationis
496 2792 573 2872 apud
597 2811 645 2850 me
666 2791 764 2851 habuit
784 2794 896 2851 animus

216 2874 299 2955 ipsius
319 2894 387 2955 erga
404 2889 454 2945 te,
472 2873 543 2931 mihi
563 2870 724 2951 perspellus
744 2872 775 2930 &
793 2875 897 2955 cogni·

163 3026 165 3034 Α
216 2971 266 3015 ms.
285 2953 349 3014 Sed
364 2953 400 3013 de
417 2951 507 3012 Fabio
522 2951 659 3012 faciemus
675 2950 816 3027 studiose,
830 2974 896 3037 quae

163 3090 167 3102 ,
217 3054 323 3117 rogas:
354 3052 386 3094 tu
410 3033 505 3092 multis
536 3031 573 3092 de
600 3033 690 3092 causis
713 3034 821 3095 vellem
847 3054 896 3095 me

163 3169 169 3183 ,
218 3116 374 3175 convenire
385 3111 538 3193 potuilles3
551 3114 691 3192 primum,
705 3131 737 3173 ut
749 3120 795 3185 te,
806 3133 896 3193 quem

163 3250 170 3276 Ι,
218 3190 322 3273 jamdiu
352 3195 467 3275 plurimi
497 3192 603 3266 facio,
632 3210 713 3252 tanto
740 3193 897 3253 intervallo

219 3275 369 3347 viderem3
385 3273 512 3347 deinde,
532 3292 564 3333 ut
581 3273 653 3345 tibi,
671 3273 752 3352 quod
770 3272 827 3333 feci
844 3292 897 3352 per

220 3354 341 3427 litteras,
362 3353 473 3434 pollem
493 3353 614 3433 praesens
636 3351 790 3434 gratulari3
813 3370 896 3427 tum,

222 3453 249 3495 ot
272 3434 378 3515 quibus
402 3434 438 3494 de
461 3434 546 3493 rebus
565 3433 705 3493 vellemus
726 3478 736 3505 ‚
761 3438 792 3492 t'u
812 3434 897 3506 tuis,

222 3534 274 3597 ego
296 3518 394 3587 meis,
419 3516 568 3573 internos
591 3515 867 3572 communicaremus
887 3533 898 3585 ;

222 3593 386 3675 postremo,
406 3611 437 3653 ut
456 3596 579 3653 amititia
598 3592 712 3663 nostra,
733 3613 796 3672 quae
816 3592 897 3654 sum-

222 3677 272 3735 mis
289 3673 394 3735 officiis
410 3674 446 3732 ab
464 3689 587 3754 utroque
605 3672 679 3732 culta
691 3669 751 3744 est,
765 3671 815 3731 sed
833 3673 899 3733 lon-

221 3756 260 3837 gis
273 3754 434 3815 intervallis
447 3772 612 3835 temporum
631 3756 818 3834 interruptam
831 3774 900 3828 con·¹

257 3840 360 3901 Tamus
377 3835 452 3897 XII.
775 3832 799 3895 L
