2409 5492
230 1218 311 1346 442
414 1245 714 1314 Errcrozn

225 1364 270 1445 pie
289 1364 307 1422 ?
325 1358 485 1437 Confielare‘s
505 1358 583 1428 dac,
610 1373 661 1415 aut
686 1354 826 1418 Ciceronis
845 1360 882 1441 est
898 1355 920 1417 ἓ.

232 1442 372 1524 Quoniam
383 1441 449 1504 milti
460 1457 550 1499 tacere
564 1460 619 1497 nan
630 1438 712 1498 licuit
725 1483 737 1510 ,
754 1439 828 1519 leges
835 1483 849 1512 ,
859 1459 921 1519 qteae

175 1574 180 1580 .
230 1525 281 1586 tibi
299 1519 396 1601 necff
412 1522 446 1602 ‘fl
461 1520 569 1601 molesta
586 1516 645 1598 effe·
660 1520 773 1580 Etenim
784 1522 841 1601 ipse
854 1523 927 1597 seh,

230 1606 270 1664 tio
277 1623 399 1683 ,quanto
413 1623 473 1662 cum
492 1602 585 1661 dolere
597 1601 661 1660 'hac
671 1602 744 1661 adte
750 1601 920 1682 perscripse-

229 1687 279 1746 rim
291 1706 300 1745 t
312 1706 362 1748 nec
380 1686 492 1767 ignoro,
511 1682 579 1763 quid
590 1680 698 1760 sentiae
713 1683 744 1741 in
755 1683 898 1763 republica
906 1726 924 1755 „

232 1765 260 1826 fe
304 1766 369 1829 utre
397 1764 564 1845 desperatam
588 1783 692 1842 quoque
712 1762 816 1838 firmari
839 1765 920 1844 putee

227 1866 266 1927 po
287 1868 311 1906 e.
328 1848 392 1914 Nec
401 1844 551 1906 mehercule
557 1862 584 1902 te
591 1886 603 1913 ,
618 1844 728 1913 Attice,
741 1845 922 1926 reprehende.-

231 1929 321 1988 AEtar
329 1927 400 1988 enim
412 1971 421 1999 ‚
432 1946 517 1985 mares
527 1969 539 1997 ‚
548 1924 648 1994 liberi,
655 1924 762 2005 segnem
776 1923 922 2008 efficiunt-e·

231 2010 306 2086 quod
313 2009 420 2087 quidem
429 2007 512 2066 etiam
521 2026 556 2064 ex
564 2005 667 2065 Flavia
683 2006 770 2085 nostro
777 2004 919 2085 perspexi·

233 2090 291 2147 Sed
301 2091 379 2147 redeo
395 2089 436 2146 ad
456 2088 619 2146 Ciceronem.
639 2086 720 2164 Quid
736 2087 807 2147 inter
824 2086 920 2144 Salvi·

232 2168 361 2237 dientem,
374 2168 403 2226 δ’
422 2188 481 2225 eum
499 2167 603 2246 interest
621 2162 639 2220 ?
660 2167 740 2245 Quid
755 2183 842 2225 autem
856 2183 919 2222 am-

228 2248 307 2327 plius
326 2249 376 2308 ille
395 2247 568 2309 decerneret?
581 2246 669 2305 Timet
677 2246 822 2325 jinquies3
834 2244 921 2305 etiam

231 2346 304 2386 nune
322 2327 454 2407 reliquias
474 2327 540 2387 lelli
558 2326 662 2386 civilis.
685 2326 840 2408 Quisquam
858 2346 921 2407 erga

232 2408 273 2470 ita
297 2407 374 2469 timet
389 2410 585 2490 profligatum,
612 2423 643 2465 ue
660 2427 745 2488 neque
767 2408 925 2487 potentiam—

232 2484 293 2567 ejus
303 2533 316 2560 ,
333 2492 381 2569 qui
400 2491 545 2548 exercitum
555 2489 680 2553 viliorem
696 2487 797 2547 taleae
808 2531 822 2557 ‚
835 2507 869 2546 ree
887 2509 921 2547 ue

232 2572 403 2642 temeritatem
418 2572 497 2649 pueri
510 2585 587 2649 putet
602 2568 827 2648 extimescendam
840 2509 921 2647 ede?

233 2655 285 2712 Art
303 2653 354 2711 leot
365 2650 453 2731 ipsum
464 2653 497 2709 ed
515 2671 543 2707 re
561 2647 650 2732 facit?
682 2650 738 2707 aid
748 2649 796 2716 illi
809 2667 923 2731 propter

231 2732 436 2810 amplitudinem
447 2732 539 2804 amnia
544 2726 606 2809 jam
616 2771 628 2798 ,
638 2672 763 2808 agroque
773 2728 923 2807 deferenda

226 2812 345 2890 purae?
375 2815 401 2872 0
424 2831 548 2890 magnam
563 2810 711 2890 stultitiam
735 2811 868 2881 timoris,
890 2812 923 2869 id

230 2889 333 2970 ipsum,
351 2891 569 2969 quadraretur,
588 2892 630 2949 ita
641 2911 736 2949 cavere
746 2936 759 2961 ,
773 2910 805 2951 ue
813 2935 825 2962 ,
839 2912 920 2971 quum

230 2972 318 3030 vitare
327 2969 440 3049 firrtaffe
461 2971 609 3050 potueris,
632 2972 704 3029 ultra
726 2969 845 3050 arceffes
857 3017 868 3043 ,
892 2973 923 3031 6³-

230 3051 356 3109 attrahar
368 3051 380 3109 l
391 3051 516 3111 Nimium
527 3053 649 3109 rimemus
660 3071 768 3111 mortem
780 3097 790 3125 ,
806 3053 834 3111 6·
845 3052 921 3111 exsi-

229 3130 318 3204 lium,
340 3132 366 3191 ὅ·
386 3151 581 3213 paupertatem.
606 3136 675 3190 Hac
691 3135 820 3203 uidentur
840 3134 917 3189 tices

230 3215 290 3272 roni
310 3213 408 3286 ultima
429 3212 477 3291 effe
495 3216 524 3272 in
541 3214 623 3271 malis
641 3234 650 3285 ς
668 3213 716 3287 fe,
735 3216 800 3272 dum
817 3212 917 3271 habeat

227 3313 247 3350 a
265 3294 363 3372 quibus
386 3296 510 3374 impetret
530 3314 587 3372 qua
612 3293 699 3365 velie,
721 3294 748 3352 ὃ
769 3316 788 3352 a
819 3294 918 3372 quibus

227 3375 357 3448 colatur,
382 3396 415 3433 cc
436 3377 566 3434 laudetur
579 3395 593 3445 ;
603 3374 786 3452 servitutem,
802 3375 919 3435 leonori-

221 3454 308 3532 ficam
323 3455 418 3530 modi,
439 3479 493 3517 non
516 3454 675 3535 aspernatur
694 3457 748 3514 :si
767 3457 927 3534 quidquam·

228 3536 258 3593 in
279 3555 397 3596 extrema
417 3559 451 3597 ac
474 3538 620 3615 miserrima
647 3538 812 3595 contumelia
832 3536 927 3616 poteli-

228 3617 402 3695 honorificum
423 3617 480 3699 effe.
501 3621 577 3677 Licet
596 3638 656 3676 ero
673 3634 779 3698 patrem
793 3618 924 3700 appellet

228 3700 359 3758 Ollavius
386 3701 558 3772 Ciceronem,
586 3639 685 3775 redeat
706 3700 820 3768 omnia,
846 3699 919 3755 lare-

224 3778 289 3846 det,
305 3782 495 3862 gratias-agae
509 3802 524 3852 ;
545 3799 635 3839 temere
652 3780 727 3838 illud
747 3775 919 3858 apparebit,
