2409 5492
288 1238 349 1307 'Au
367 1237 622 1330 Q.FaAr1taM
638 1240 724 1309 Lta.
741 1241 789 1314 Il.
819 1260 892 1336 349

214 1394 216 1401 ·
289 1380 469 1443 Mancus
509 1381 553 1463 Q.
595 1383 757 1444 Fumi
798 1385 827 1448 S.

223 1513 272 1565 DJ
288 1513 374 1564 itinere
385 1511 449 1581 suo,
471 1513 680 1638 {leaccspeilatione
697 1518 791 1589 Quinti.
810 1517 889 1570 Anno

502 1621 512 1637 .
550 1625 557 1638 .
579 1597 638 1654 697.

214 1664 406 1813 fflura
438 1735 516 1796 diem
548 1756 610 1797 111.
639 1737 685 1798 ld.
709 1738 803 1819 April.
828 1757 896 1805 ante

216 1817 311 1877 lucem
333 1817 407 1875 hanc
429 1815 579 1896 epistolam
599 1818 802 1894 dislaveram‚
829 1821 896 1882 scri·

234 1896 384 1977 seramque
402 1898 431 1955 in
452 1900 575 1971 itinere,
595 1916 626 1958 ut
644 1918 683 1959 eo
703 1899 749 1960 die
765 1901 841 1979 apud
856 1901 898 1962 T.

214 1917 325 2037 iitium
345 1980 374 2035 in
393 1976 550 2058 Anagnino
572 1999 731 2039 manerem.
759 1977 898 2041 Postridie

214 2075 309 2118 autem
328 2059 358 2115 in
376 2055 490 2118 Laterio
510 2060 688 2139 cogitabam:
704 2059 791 2133 inde,
807 2080 898 2140 quum

212 2139 240 2196 in
258 2137 396 2218 Arpinati
416 2140 542 2218 quinque
563 2139 624 2199 dies
641 2137 775 2214 fuissem,
805 2142 844 2201 ire
866 2143 897 2201 iu

212 2215 450 2297 Pompeianum:
480 2218 593 2279 rediens
619 2219 766 2299 adspicere
786 2219 897 2280 Cuma·

212 2318 282 2358 num
302 2343 312 2372 ,
332 2316 391 2371 ut,
414 2301 550 2385 quoniam
569 2302 598 2357 in
618 2299 697 2359 Non.
716 2300 808 2359 Maias
830 2301 897 2360 Mi-

211 2378 273 2438 loni
299 2379 362 2438 dies
383 2379 497 2456 prodita
515 2378 578 2453 est,
605 2380 678 2458 prid.
698 2379 778 2439 Non.
793 2379 897 2441 Romae

210 2457 318 2531 essem,
337 2475 443 2539 teque,
465 2460 505 2517 mi
521 2463 664 2519 carissime
683 2459 715 2518 &
731 2458 898 2521 suavissime

210 2537 320 2612 frater,
339 2539 375 2597 ad
399 2558 464 2597 eam
484 2538 562 2598 diem
581 2537 596 2617 (
611 2556 642 2597 ut
657 2538 805 2617 sperabam
820 2538 834 2620 )
850 2542 900 2600 vi-

211 2619 324 2680 derem.
355 2618 587 2678 AEdisicationem
621 2619 728 2676 Arcani
754 2619 789 2676 ad
815 2637 897 2678 tuum

211 2699 371 2759 adventum
396 2696 540 2758 sustentari
571 2698 714 2777 placebat.
747 2697 832 2771 Fac,
857 2699 898 2758 mi

211 2777 318 2854 frater,
332 2794 364 2839 ut
376 2778 490 2853 valeas,
505 2780 776 2859 quamprimumque
788 2781 898 2840 venias.

284 2905 461 2968 Murcus
504 2904 548 2984 Q.
589 2904 745 2965 Ἑιιιιιιι
786 2905 817 2969 S.

212 3040 260 3090 DE
276 3037 452 3107 supplicatione
481 3036 584 3088 Gabinio
605 3056 689 3106 negata
706 3074 715 3096 ,
738 3040 760 3090 δ’
782 3041 896 3094 desiderio

284 3111 328 3180 suo
341 3110 429 3177 fratria
446 3110 549 3161 videndi.
570 3112 643 3162 Anno
664 3112 698 3161 U.
720 3115 746 3161 C.
765 3119 823 3178 697.

212 3281 245 3343 8.
259 3212 326 3342 O
344 3279 552 3340 Liuianus
572 3280 643 3338 mihi
664 3296 725 3338 tuas
746 3276 899 3356 jucundis·

212 3363 331 3435 simas,
360 3359 567 3440 exspesiatas‚
600 3381 634 3418 ac
659 3360 753 3439 primo
777 3359 901 3437 quidem

212 3461 281 3501 cum
309 3441 486 3511 desiderio,
513 3461 588 3499 nunc
617 3440 690 3499 vero
715 3441 802 3498 etiam
829 3458 900 3497 cum·

212 3521 337 3583 timore!
356 3519 453 3600 Atque
469 3521 518 3581 has
538 3519 608 3579 scito
630 3520 736 3579 litteras
758 3538 805 3577 me
822 3516 901 3577 solas

212 3599 351 3680 accepisse
370 3599 432 3680 post
448 3599 529 3671 illas,
549 3620 620 3737 guas
637 3616 701 3657 tuus
721 3616 806 3657 nauta
821 3614 903 3657 attu-

211 3682 270 3754 lit,
291 3681 383 3741 Olbia
403 3681 492 3740 datas.
510 3678 546 3738 Se
588 3695 683 3737 cetera
702 3675 758 3756 (ut
774 3675 902 3760 scribis)

211 3761 347 3843 praesenti
365 3759 490 3822 sermoni
509 3759 707 3822 reserventur:
725 3757 782 3819 hoc
798 3775 904 3831 tamem
