2409 5492
475 1050 557 1111 mum
574 1047 733 1112 exercituin
753 1050 789 1109 ad
811 1048 922 1111 Ciliciae
939 1047 1013 1110 fines'
1033 1072 1054 1109 a·

474 1151 559 1203 rem3
581 1151 728 1213 quumque
747 1131 817 1193 mihi
837 1150 888 1190 rex
905 1174 915 1203 ‚
931 1128 1054 1208 patefac!

476 1212 609 1284 insidiis,
631 1233 691 1271 non
712 1230 799 1292 egere
817 1212 945 1271 exercitu
965 1231 1005 1289 po
1027 1210 1054 1269 ul

477 1293 578 1365 mani,
597 1290 647 1351 sed
665 1289 743 1371 poffe
760 1289 788 1351 se
808 1287 864 1349 suia
877 1290 980 1370 opibus
998 1231 1054 1351 ‹fefi

476 1371 647 1443 videretur3
669 1371 751 1430 illum
776 1370 939 1430 cohortatus
960 1368 1050 1445 sum,

477 1447 602 1511 suavita
619 1449 813 1511 conservanda
851 1452 954 1509 timum
968 1469 1054 1531 regna

477 1547 579 1590 ceret:
608 1553 625 1591 a
645 1532 747 1611 quibus
768 1472 950 1618 perfica-isset
969 1530 1054 1615 sibi-i

476 1627 608 1690 paratas,
628 1613 658 1669 in
675 1631 727 1671 eos
746 1627 872 1671 uteretur
887 1628 948 1689 lure
972 1629 1004 1671 re
1025 1611 1054 1671 io

477 1689 517 1749 na
549 1688 676 1751 afficeret
705 1712 757 1751 eos
780 1736 790 1765 ‚
818 1710 892 1769 quos
919 1709 991 1750 nece
1015 1710 1033 1750 e

477 1770 603 1851 reliquos
626 1788 706 1832 metu
724 1771 876 1866 liberaret}
892 1770 1027 1851 prasidio
1048 1790 1054 1829 ι

479 1848 525 1910 tiis
552 1853 611 1912 mei
628 1852 664 1911 ad
683 1871 807 1924 eorum,
830 1870 879 1930 qui
901 1851 931 1908 in
949 1850 1054 1930 culpan

478 1933 615 1991 timorem
636 1932 752 2012 potius,
774 1930 861 2011 quam
883 1930 920 1989 ad
941 1948 1054 1991 conteni

479 2027 625 2071 uteretur:
647 2011 710 2072 fore
729 2028 844 2085 autem,
856 2030 901 2072 ·ut
922 2030 1047 2086 omnes,

478 2088 752 2152 senatusconsultum
773 2090 913 2166 noffent,
937 2092 1030 2153 intelli
1050 2115 1054 2149 i

480 2187 528 2228 me
550 2172 639 2249 regi,
665 2173 689 2229 si
715 2191 790 2249 opus
818 2169 907 2244 esset,
935 2191 972 2231 ex
992 2112 1054 2231 aa&

479 2245 572 2307 vestra
593 2250 727 2328 praesidio
752 2250 889 2311 futurum.
920 2248 964 2311 lta
989 2256 1054 2313 coni

478 2327 553 2400 illo,
577 2348 614 2390 ex
635 2349 672 2390 eo
692 2331 758 2390 loco
785 2329 870 2391 castra
889 2333 990 2407 movi,
1006 2332 1040 2393 &

480 2405 613 2469 Ciliciam
633 2408 727 2471 facere
748 2408 850 2471 institui
870 2430 880 2483 ;
907 2431 997 2491 quum
1018 2412 1054 2473 ha

478 2491 567 2549 aione
585 2510 602 2549 e
621 2488 809 2572 Cappadocia
824 2490 1020 2563 discederem,
1036 2513 1054 2551 u

479 2569 545 2628 silio
565 2568 683 2643 vestm,
702 2570 766 2631 casu
785 2571 945 2631 incredibili
964 2592 997 2630 ac
1021 2592 1054 2651 pe

479 2652 573 2723 vino,
594 2670 717 2731 regem,
743 2670 830 2731 quem
851 2673 906 2711 vos
924 2650 1054 2721 honorifii

480 2731 553 2791 simi
569 2729 757 2806 appellaffetis
772 2731 852 2791 nullo
869 2729 1048 2806 postulante,
