2409 5492
359 1279 433 1348 An
448 1279 863 1356 firmatarum.
905 1305 952 1384 31

269 1393 430 1458 devoravit.
449 1393 548 1476 Qubd
564 1410 663 1456 autem
680 1394 793 1474 scribis,
808 1419 855 1474 te,
872 1404 957 1484 qlod

270 1496 318 1557 pro
337 1496 367 1538 re
394 1477 462 1558 ipso
485 1496 549 1537 non
571 1475 679 1550 facias,
702 1476 732 1536 id
753 1501 807 1560 pro
826 1500 896 1556 me,
923 1500 957 1545 ut

269 1557 299 1616 ie
320 1578 369 1619 me
389 1561 499 1617 timeas
517 1556 650 1637 aliquid;
665 1556 745 1618 omni
762 1564 876 1634 te,vir
894 1583 955 1643 op·

269 1640 331 1697 rime
350 1683 361 1712 ‚
384 1639 519 1718 mihique
543 1637 688 1697 carissime
705 1635 818 1714 Brute,
849 1642 886 1702 de
902 1658 953 1704 me

269 1737 340 1777 meru
362 1719 473 1779 libero.
499 1714 563 1807 Ego
590 1718 690 1790 enim,
716 1739 780 1799 quae
800 1721 949 1801 provideri

215 1840 217 1867 ÷
272 1815 420 1877 poterunt,
444 1815 508 1859 non
525 1796 607 1856 ialiar
624 1798 655 1856 in
677 1799 731 1870 iis;
754 1818 818 1880 quae
837 1803 952 1862 caurio-

274 1899 332 1951 uem
347 1901 410 1939 non
427 1877 602 1948 habebunt,
618 1876 655 1936 de
673 1877 717 1936 his
732 1900 793 1939 non
809 1880 849 1940 ita
864 1881 951 1945 valde

273 1958 373 2019 laboro.
405 1957 472 2019 Sim
505 1959 584 2017 enim
617 1956 803 2036 impudens,
836 1960 861 2020 si
888 1962 955 2040 plus

270 2037 432 2118 postulem,
452 2037 542 2118 quim
563 2036 675 2096 homini
698 2059 715 2097 a
736 2059 832 2100 rerum
852 2059 955 2102 natura

270 2119 347 2178 tribui
368 2119 480 2200 potest.
501 2117 597 2196 Qubd
611 2119 681 2178 mihi
701 2122 831 2199 praecipis
849 2136 881 2181 ut
896 2142 950 2180 ca-

269 2216 372 2274 veam,
398 2218 464 2273 ne,
486 2197 643 2270 timendo,
668 2203 758 2280 ungis
775 2201 876 2262 timere
892 2220 951 2262 cun

329 2324 339 2351 ‚
355 2279 389 2340 ἀ
405 2280 555 2359 sapienter
572 2279 604 2338 ὅ(
622 2269 791 2339 amicissimi
805 2283 949 2363 praecipis»

340 2361 434 2420 velim
449 2360 503 2419 tibi
523 2357 713 2440 persuadeas,
730 2381 820 2442 quum
833 2378 862 2420 te
877 2376 952 2424 con·

268 2437 316 2501 stet
344 2442 494 2502 exceliere
524 2441 582 2500 hoc
611 2458 717 2522 genere
748 2443 892 2514 virturis,
917 2450 952 2504 ui

267 2536 424 2603 numquam
450 2519 639 2594 extimescas,
655 2536 812 2601 numquam
833 2538 950 2602 pertur-

267 2599 358 2675 bere,
381 2621 432 2662 me
446 2601 512 2660 huic
527 2612 582 2660 tua
599 2604 700 2661 virtuti
715 2603 849 2682 proxime
866 2620 951 2662 scre·

264 2681 345 2742 dere.
370 2680 576 2761 Quamobrem
598 2698 693 2760 neque
715 2696 842 2742 metuam
862 2681 951 2763 quid·

265 2776 379 2840 quam,
397 2762 431 2821 δι
447 2761 559 2821 cavebo
576 2764 685 2821 omnia.
707 2759 766 2822 Sed
787 2761 855 2822 vide
876 2806 886 2835 ,
912 2783 952 2824 ne

269 2856 321 2900 tua
340 2859 420 2920 jam,
437 2844 477 2899 mi
499 2840 613 2914 Brute,
634 2842 680 2902 cul
702 2839 829 2904 afutura
847 2845 908 2918 sit,
927 2846 953 2906 ri

266 2932 326 3003 ego
347 2921 504 3002 quidquam
523 2924 653 2981 timeam.
713 2924 755 2983 uis
780 2925 859 2983 euim
878 2924 950 3004 opi·

263 3000 340 3073 bus,
371 3001 406 3063 ἀ
428 3000 576 3061 consulatu
603 3016 656 3061 tuo
675 3040 685 3076 ‚
707 3005 794 3063 etiam
813 3005 837 3064 si
854 3005 949 3066 timidi

262 3079 407 3157 effemm,
428 3096 525 3142 tamen
547 3096 668 3144 omnem
686 3084 821 3145 timorem
838 3083 949 3163 abjice·

263 3175 385 3234 remum
416 3161 572 3241 praesertim
592 3180 681 3241 quum
699 3163 859 3242 persuasum
878 3184 950 3224 om·

262 3242 348 3302 nibus
368 3238 464 3314 esset,
486 3242 615 3321 mihique
637 3244 784 3315 maxime,
807 3259 872 3302 ate
893 3264 951 3304 nos

262 3323 348 3382 unice
370 3322 463 3404 diligi.
495 3319 634 3384 Consiliis
661 3325 743 3398 ruis,
766 3340 830 3404 quae
851 3321 947 3383 scribis

266 3401 300 3462 de
315 3416 442 3484 quatuor
455 3403 641 3484 legionibus,
665 3403 760 3484 deque
783 3404 858 3482 agris
878 3406 950 3462 assi·-

268 3484 386 3563 gnandis
408 3482 445 3543 ab
465 3482 592 3564 utrisque
613 3481 762 3555 vestrum,
786 3485 947 3542 vehemen-

267 3574 310 3622 ter
338 3562 484 3626 assentior.
513 3563 615 3645 ltaque
647 3582 736 3644 quum
767 3562 882 3642 quidam
910 3562 948 3623 de

262 3644 382 3728 'collegis
402 3645 505 3705 nostris
522 3648 660 3724 agrariam
677 3644 855 3704 curationem
869 3642 947 3725 ligu-
1013 3666 1016 3671 ·

262 3726 375 3799 ritem,
405 3722 561 3786 disturbavi
588 3745 675 3798 rem,
693 3738 843 3802 totamque
862 3724 952 3783 vobis

260 3807 406 3892 integram
430 3805 593 3870 reservari..
617 3804 650 3867 Si
673 3804 743 3888 quid
767 3806 820 3863 erit
845 3805 948 3866 occul·

775 3881 847 3947 Biv
