2409 5492
311 1206 391 1309 ‘136
455 1207 839 1281 Errrrorrrvrr
898 1238 906 1251 ·

314 1341 402 1398 rum;
427 1344 563 1427 stagnum
582 1322 639 1387 elle
657 1317 901 1463 tarnenfferayit
918 1316 1002 1420 apud

313 1423 344 1466 te
369 1424 447 1465 meas
474 1426 592 1487 quoque
615 1406 732 1465 litteras.
760 1402 775 1464 l
821 1424 912 1483 quum
937 1405 1000 1485 ipse

313 1488 356 1547 ita
372 1483 535 1561 iudicabat,
558 1500 621 1555 turn
640 1506 694 1566 pro
719 1483 851 1545 familiari
870 1485 1003 1546 consue&

313 1565 413 1625 tudine
437 1566 513 1646 saepe
532 1586 569 1627 ex
587 1585 636 1626 rne
652 1566 805 1640 audierat,
823 1564 914 1645 quim
932 1564 1000 1626 sua-

313 1648 357 1706 vis
380 1644 448 1706 effet
474 1650 549 1707 inter
568 1667 623 1707 nos
642 1646 674 1706 δι
693 1663 799 1726 quanta
818 1643 998 1785 εοηᾶιιηᾶἰο.

312 1724 490 1808 Petoigitur
510 1750 527 1787 a
550 1744 585 1788 te'
601 1773 615 1802 ,
640 1743 725 1787 tanto
740 1726 848 1787 scilicet
892 1726 964 1787 udio
987 1760 1002 1802 ς

313 1825 422 1889 quanto
450 1809 585 1890 intelligis
613 1807 719 1869 debere
743 1826 793 1869 me
814 1824 917 1887 petere
941 1828 1004 1887 pro

314 1888 432 1949 homine
446 1906 506 1949 tarn
521 1889 592 1948 rnihi
605 1885 778 1957 necessario,
791 1887 824 1947 δι
839 1904 900 1947 tarn
917 1885 1004 1955 unffi

314 1969 393 2042 liari,
406 1987 438 2030 ut
450 1967 512 2049 ejus
525 1971 660 2050 negotia,
671 1989 735 2048 quae
748 1967 812 2027 sunt
822 1966 1003 2039 itt-Achaia,

315 2068 353 2109 err
373 2067 411 2109 eo
433 2049 514 2130 quiid
533 2051 615 2109 heres
635 2047 677 2109 est
695 2047 739 2108 M.
762 2047 900 2119 Mindio,
920 2045 1003 2111 fratri

315 2129 388 2202 suo,
410 2133 458 2207 qui
475 2127 520 2188 Eli
539 2129 702 2218 negotiatus
721 2124 789 2202 est,
817 2128 947 2207 explices
966 2129 1002 2189 &e

315 2210 452 2288 expedias
474 2230 562 2290 quum
584 2229 645 2288 lure
668 2209 700 2269 ὃ(
722 2205 886 2289 potestate,
910 2228 1002 2288 quam

314 2289 426 2363 habes,
446 2307 509 2350 tum
529 2293 616 2351 etiarn
634 2287 798 2349 austeritate
821 2289 1001 2349 &consilio

315 2385 378 2429 tuo.
400 2368 446 2430 Sic
465 2373 543 2430 enim
565 2369 785 2452 praescripsimus
804 2371 868 2442 iis,
895 2371 1004 2450 quibus

315 2469 352 2511 ea
372 2454 489 2532 negotia
510 2452 710 2511 mandavimus
727 2495 738 2524 ‚
755 2468 787 2509 ut
806 2449 943 2510 omnibus
966 2454 1003 2511 in«

315 2530 427 2604 rebus,
459 2553 522 2612 quae
551 2534 582 2591 in
611 2531 742 2611 aliquam
768 2532 1004 2591 controversiam

315 2630 508 2686 vocarentur,
529 2628 558 2671 re
577 2612 711 2685 arbitro,
736 2610 791 2685 &,
811 2610 892 2691 quod
904 2632 1002 2675 ‚com-

315 2693 406 2752 modo
434 2712 486 2769 tuo
512 2690 573 2752 fieri
598 2690 716 2772 pollet,
744 2709 774 2750 te
805 2690 1001 2773 disceptatore

314 2791 469 2832 uterentur.
492 2771 524 2830 ld
544 2788 575 2831 ut
594 2773 713 2833 honoris
733 2772 792 2831 mei
812 2775 899 2831 causi
914 2771 1007 2832 susci-

314 2854 401 2931 pias,
428 2853 618 2912 vehementer
636 2871 666 2913 te
691 2855 779 2912 etiarn
801 2870 888 2938 atque
911 2855 1006 2913 etiarn

313 2951 397 3010 rogo.
416 2928 491 2990 lllud
510 2949 649 3010 praeterea
665 2979 674 3008 ‚
693 2935 717 2991 si
732 2954 792 2992 non
809 2935 935 2993 alienum
952 2930 1001 2994 tui¹

313 3011 452 3090 dignitate
472 3010 584 3091 putabis
607 3011 688 3086 effe,
711 3012 813 3074 feceris
833 3016 904 3074 mihi
927 3034 1001 3095 per·

313 3106 447 3170 gratum,
463 3096 487 3151 si
503 3096 554 3172 qui
569 3091 746 3154 difficiliores
763 3114 872 3168 erunt,
884 3112 916 3156 ut
934 3115 1001 3156 rem

313 3173 375 3230 sine
399 3176 597 3234 controversia
619 3173 724 3234 confici
742 3175 858 3249 nolint,
877 3178 903 3235 si
921 3196 1002 3250 eos,

312 3252 429 3332 quando
458 3275 523 3315 curn
550 3253 680 3315 senatore
707 3275 752 3314 res
777 3253 844 3328 eli,
869 3254 1001 3316 Rornarn

313 3329 457 3410 rejeceris.
481 3335 573 3413 Quod
599 3337 658 3414 qui>
684 3338 796 3395 minore
818 3335 1001 3397 dubitatione

312 3411 408 3472 facere
430 3418 541 3493 possis,
560 3418 669 3475 litteras
685 3415 725 3474 ad
737 3434 766 3475 te
784 3439 801 3474 a
819 3416 864 3476 M.
884 3417 1004 3497 Lepido

313 3492 458 3567 consule,
484 3516 549 3553 non.
578 3516 641 3576 quae
669 3512 698 3555 te
727 3497 834 3576 aliquid
865 3493 1004 3576 juberent

314 3572 440 3653 (neque
462 3578 540 3634 enirn
560 3576 590 3634 id
611 3594 668 3636 tuae
687 3577 831 3658 dignitatis
851 3576 907 3638 effe
923 3580 1004 3639 arbi·

314 3652 456 3735 tramur)
480 3654 530 3716 sed
549 3657 678 3737 quodam
698 3658 788 3718 modo
812 3660 895 3739 quasi
917 3681 1003 3721 corn·

313 3733 497 3830 mendntitias
516 3735 696 3831 sumpsimus,
714 3737 896 3833 Scriberem,
910 3741 1006 3824 quim
