2409 5492
202 1239 279 1333 456
386 1238 696 1305 Errsrorrr

202 1340 376 1435 po'te‘llatem
394 1349 581 1430 perditissimi
611 1347 763 1423 hominis,
782 1347 815 1409 &
833 1368 889 1413 tur·

204 1435 311 1515 pissimi
340 1431 383 1491 M.
411 1429 532 1489 Antonii
560 1427 744 1489 veniendum
774 1429 888 1506 fuerit3

204 1533 348 1592 quocum,
362 1511 467 1580 vides,
487 1510 545 1568 hoc
567 1526 706 1589 tempore
727 1510 793 1591 ipso
814 1514 891 1601 quod
929 1576 935 1587 ,

204 1597 259 1666 sit,
279 1609 475 1672 quantumque
509 1608 668 1651 certamen.
695 1588 731 1650 Id
762 1592 891 1670 protollo

204 1674 315 1733 nullum
334 1670 428 1744 ellet,
453 1671 507 1729 nisi
527 1689 590 1730 tum
614 1669 802 1733 conservatus
826 1673 892 1734 esset

205 1753 362 1811 Antonius.
382 1751 440 1810 Sed
467 1750 528 1808 haec
547 1753 666 1811 omitto.
693 1750 755 1811 Res
775 1755 855 1813 enim
875 1776 891 1814 a

204 1851 234 1893 te
249 1831 325 1911 gesta
341 1831 555 1903 memorabilis,
566 1831 598 1889 ἃ
616 1851 693 1910 pene
707 1832 834 1894 coelestis
845 1854 892 1893 re·

189 1920 194 1935 “
207 1914 288 1995 pellit
300 1932 402 1973 omnes
414 1912 654 1991 reprehensiones
669 1933 679 1983 ;
698 1915 749 1992 qui
773 1934 812 1991 pe
828 1935 891 1994 quae

209 2014 247 2053 ne
264 1993 348 2052 laude
392 1994 491 2051 uidem
515 1990 579 2051 satis
598 1992 705 2051 idonei
777 1994 804 2051 ci
819 2015 892 2074 pos·

208 2076 254 2133 tit.
275 2072 372 2131 Extliti
396 2076 403 2087 '
423 2091 517 2151 nuper
533 2071 613 2132 vultu
631 2070 759 2131 severo:
780 2077 892 2132 exerci-

208 2170 269 2212 tum
280 2197 290 2225 ,
300 2155 398 2232 copias
411 2197 421 2225 ,
431 2154 563 2235 legiones
570 2151 685 2217 idoneas
694 2170 748 2229 per
758 2167 790 2211 te
801 2152 888 2213 brevi

207 2250 342 2312 tempore
360 2230 542 2313 comparasti.
559 2228 610 2291 Dii
626 2230 823 2292 immortales!
838 2235 890 2313 qui
916 2261 919 2265 ·

207 2313 257 2371 ille
277 2312 414 2387 nuntius,
432 2332 496 2395 quae
514 2312 571 2371 illae
589 2312 689 2372 litterae
704 2356 715 2385 ‚
733 2332 799 2393 quae
815 2313 894 2373 laeti-

209 2395 248 2453 tia
269 2392 404 2467 lenonis,
423 2414 486 2473 quae
511 2394 640 2453 alacritas
660 2393 784 2453 civitatis
804 2394 890 2454 erat!

210 2472 289 2533 Nihil
309 2494 445 2552 umquam
460 2473 522 2533 vidi
541 2493 601 2533 tam
621 2475 754 2533 omnium
772 2473 892 2535 consen·

211 2556 293 2615 sione
309 2555 465 2615 laudatum.
485 2551 552 2613 Erat
570 2550 743 2633 exspeflatio
761 2555 812 2613 reli
835 2557 893 2614 uia·

211 2654 275 2694 rum
295 2635 436 2708 Antonii,
449 2654 536 2715 quem
554 2636 700 2773 epultatu,
717 2576 892 2715 legionilrus-

211 2736 268 2795 que
288 2736 392 2795 magna
414 2735 450 2774 ex
474 2732 553 2793 parte
588 2715 734 2794 poliaras:
759 2734 795 2773 ea
816 2736 891 2796 quo·

211 2816 268 2874 que
286 2796 384 2854 habuit
406 2797 515 2854 exitum
538 2795 708 2873 optabilem.
732 2794 810 2855 Nam
837 2814 889 2855 tuae

211 2876 334 2946 litterae,
352 2896 416 2954 quae
441 2878 564 2935 recitatae
582 2879 612 2935 in
638 2875 735 2937 senatu
755 2875 838 2950 sunt,
860 2878 889 2936 &

210 2955 391 3032 imperatoris
409 2957 580 3027 consilium,
599 2957 630 3015 &
652 2953 775 3017 militum
798 2960 889 3017 virtu-

211 3051 289 3104 tem,
302 3035 332 3091 &
343 3034 509 3093 industriam
525 3055 658 3110 tuorum,
676 3040 705 3095 in
722 3037 825 3116 quibus
839 3036 889 3096 ci-

212 3117 325 3173 ceronis
340 3115 413 3184 mei,
434 3116 588 3175 declarant.
605 3116 695 3193 Quod
711 3120 735 3175 si
753 3120 808 3177 tuis
823 3117 888 3195 pla·

212 3193 310 3254 cuillet
335 3195 371 3254 de
393 3196 436 3254 his
456 3196 556 3256 litteris
585 3193 700 3269 referri,
717 3196 747 3255 &
776 3197 832 3254 nisi
859 3199 889 3255 in

210 3292 325 3353 tempus
350 3276 627 3336 turbulentissimum
651 3274 715 3357 poll
741 3274 888 3337 ‹liscellum

210 3355 305 3414 Pansae
327 3356 448 3415 consulis
461 3357 619 3417 incidillent
637 3359 755 3431 ;honos
776 3377 888 3438 quoque

209 3432 296 3515 justus
319 3436 474 3496 &debitus
494 3438 545 3495 diis
564 3439 774 3498 immortalibus
786 3439 888 3499 decre-

210 3534 256 3575 tus
267 3514 346 3575 ellet.
365 3515 439 3576 Ecce
455 3518 506 3576 tibi
523 3516 556 3575 ld
567 3518 662 3598 April.
679 3518 798 3578 advolat
810 3519 888 3577 mane

210 3598 286 3656 celer
305 3595 398 3672 Pitus,
416 3601 523 3678 quivit
543 3601 550 3659 !
569 3601 608 3658 dii
626 3602 716 3672 boni,
728 3600 816 3679 quim
829 3620 888 3681 gra-

209 3678 281 3735 vis!
304 3677 390 3755 quim
412 3677 566 3738 constans!
589 3679 677 3759 quim
696 3681 839 3738 bonarum
862 3682 887 3737 in

208 3757 357 3836 republica
380 3762 506 3842 partium
529 3761 538 3824 l
563 3759 622 3823 Hic
645 3758 780 3842 epistolas
802 3758 889 3902 (pffert

823 3862 888 3914 uas,
