2409 5492
152 3950 229 4255 l

236 1212 315 1286 450
398 1190 725 1284 ΙΕινιετοωε

236 1307 344 1383 causi,
368 1322 405 1362 ne
428 1302 527 1372 darem
548 1300 668 1384 perditis
690 1300 803 1362 civibus
827 1303 923 1366 botni-

236 1406 306 1447 nem
331 1393 433 1466 pa'rum
462 1383 560 1445 sanum
586 1381 668 1442 illum
697 1381 821 1462 quidem
844 1430 854 1460 ,
880 1385 926 1448 sed

237 1482 336 1536 tamen
356 1464 507 1536 nobilem,
526 1463 585 1545 quo
607 1481 834 1525 concurrerent:
850 1466 927 1548 quod

237 1545 345 1607 faciunt
363 1543 569 1606 nihilominus:
586 1541 635 1603 sed
655 1562 723 1608 eum
740 1543 927 1608 alienandum

237 1648 255 1687 a
283 1624 432 1708 republica
458 1625 521 1686 ‘non
555 1619 704 1705 putabam.
736 1623 845 1688 Finem
874 1625 926 1692 feci

239 1704 301 1786 ejus
330 1705 467 1780 ferendi;
496 1721 625 1785 coeperat
654 1705 734 1763 enirn
765 1703 824 1768 effe
850 1709 927 1770 tanti

231 1786 413 1860 insolentiis,
437 1805 469 1847 ut
489 1787 637 1854 neminem
658 1783 784 1845 liberum
803 1787 927 1849 duceret.

239 1865 275 1928 In
299 1867 396 1926 Planci
421 1867 494 1927 verb
520 1864 601 1925 causa
630 1866 736 1925 exarsit
765 1868 926 1946 incredibili

241 1948 366 2021 dolore,
385 1966 560 2030 mecumque
585 1963 638 2025 per
657 1943 780 2006 biduum
795 1947 837 2008 ita
857 1970 927 2028 conf

241 2029 358 2101 tendit,
380 2027 412 2086 &
435 2049 452 2087 a
472 2046 520 2085 me
538 2027 576 2086 ita
593 2023 696 2084 fractus
713 2023 781 2099 est,
808 2047 840 2089 ut
863 2049 927 2090 eum

241 2111 271 2168 in
294 2125 467 2188 perpetuum
486 2103 696 2165 modestiorem
721 2104 833 2201 sperem
855 2107 929 2169 fore.

244 2190 345 2268 Atque
371 2190 400 2246 in
429 2186 482 2246 hac
512 2188 702 2246 contentione
727 2184 811 2268 ipsa,
857 2208 930 2256 uum

242 2266 367 2328 maxime
392 2281 438 2327 r'es
465 2284 597 2348 ageretur
621 2286 646 2325 a.
669 2265 698 2326 d.
722 2283 746 2326 v
769 2263 815 2328 ld.
889 2269 931 2331 ril.

242 2349 345 2410 litterae
359 2347 428 2407 mihi
444 2349 475 2406 in
490 2346 589 2407 senatu
604 2345 724 2406 reddirae
741 2343 806 2410 sunt
823 2357 842 2408 a
886 2372 931 2424 ¹n-

242 2429 305 2490 tulo
329 2426 449 2503 nostro,
476 2427 512 2487 de
538 2425 665 2499 Cassio,
687 2425 725 2486 de
742 2426 930 2510 legionibus,

244 2509 318 2572 des
343 2513 401 2572 ria:
420 2529 490 2590 quas
506 2505 599 2568 (latim
617 2526 706 2588 quum
721 2508 931 2587 recitavillem‚

245 2589 306 2656 ceci
327 2593 349 2651 it
376 2587 513 2652 Servilius
533 2632 548 2670 ,Ι
570 2585 735 2668 complures
762 2609 931 2668 praeterea:

244 2672 308 2736 sunt
329 2673 407 2736 enim
428 2669 554 2752 insignes
580 2667 689 2748 aliquot
712 2711 721 2742 ‚
749 2673 802 2809 {ui
826 2674 867 2732 im
889 2693 934 2736 ro-

244 2755 362 2816 bissime
375 2751 507 2812 sentiunt.
521 2748 579 2810 Sed
590 2747 754 2808 acerbissim
789 2753 856 2814 tulit
868 2694 932 2814 ier·

245 2835 349 2908 vilius,
368 2829 506 2895 allenium
522 2827 577 2893 elle
592 2828 663 2888 mihi
680 2828 716 2887 de
733 2825 856 2896 Planco.
870 2833 932 2896 Mr-

267 2935 335 2974 num
363 2912 433 2972 illud
458 2909 617 2970 monstrum
640 2913 671 2968 in
691 2913 844 2990 republica
867 2912 932 2991 est.

243 2935 296 3058 led
319 3014 377 3075 quo
399 2991 436 3025 ³³*
458 2991 568 3074 Desinet
586 2990 706 3070 reliqua.

328 3103 506 3185 Bnurus
548 3118 779 3181 Ciceroni
819 3118 850 3180 S.

244 3233 295 3310 DE
308 3257 420 3310 Trebonii
428 3271 502 3306 morte
514 3255 537 3305 ὃν
548 3258 576 3304 de
581 3254 707 3322 provincie
713 3250 808 3319 scribit.
826 3251 869 3302 De
880 3248 934 3302 An·

285 3332 352 3382 eonio
363 3326 473 3395 consulit.
489 3329 532 3378 De
542 3328 609 3378 rebus
620 3346 635 3376 a
646 3327 728 3378 Cassio
738 3327 807 3396 gellis
819 3326 874 3393 quid
881 3323 934 3398 ῥινὶ

284 3405 358 3462 velit,
369 3402 476 3465 ostendit.
487 3402 615 3452 Orationes
627 3401 748 3450 Ciceronis
756 3400 841 3449 lauder
851 3433 860 3455 ,
869 3400 936 3466 (rpe-

284 3476 376 3532 curiam
378 3472 606 3544 supplementumque
612 3471 727 3554 postulat.
738 3472 789 3524 An.
802 3471 835 3524 U.
845 3474 873 3524 C.
881 3488 935 3537 7¹⁰·

253 3666 280 3729 3.
291 3576 363 3707 ll
374 3664 527 3708 mnas
540 3663 602 3704 tuas
611 3643 699 3704 valde
714 3641 838 3722 exspet‘lo
846 3686 857 3712 ,
871 3662 938 3721 quas

244 3728 376 3809 scripsisti
390 3729 449 3810 post
470 3727 583 3790 nuntios
600 3726 747 3809 nostrarum
763 3745 854 3786 rerum
875 3768 886 3803 ,
912 3722 938 3784 d·
