<?xml version="1.0" encoding="UTF-8"?>
<!DOCTYPE html PUBLIC "-//W3C//DTD XHTML 1.0 Transitional//EN"
    "http://www.w3.org/TR/xhtml1/DTD/xhtml1-transitional.dtd">
<html xmlns="http://www.w3.org/1999/xhtml" xml:lang="en" lang="en">
 <head>
  <title>
</title>
<meta http-equiv="Content-Type" content="text/html;charset=utf-8" />
  <meta name='ocr-system' content='tesseract 3.04.00' />
  <meta name='ocr-capabilities' content='ocr_page ocr_carea ocr_par ocr_line ocrx_word'/>
</head>
<body>
  <div class='ocr_page' id='page_1' title='image "./mtulliiciceroni09lallgoog/mtulliiciceroni09lallgoog_0315.png"; bbox 0 0 2409 5492; ppageno 0'>
   <div class='ocr_carea' id='block_1_1' title="bbox 292 1261 880 1356">
    <p class='ocr_par' dir='ltr' id='par_1_1' title="bbox 292 1261 880 1356">
     <span class='ocr_line' id='line_1_1' title="bbox 292 1261 880 1356; baseline 0.003 -25"><span class='ocrx_word' id='word_1_1' title='bbox 292 1278 353 1331; x_wconf 75' lang='lat' dir='ltr'>Ar&gt;</span> <span class='ocrx_word' id='word_1_2' title='bbox 369 1261 417 1353; x_wconf 83' lang='lat' dir='ltr'>Q.</span> <span class='ocrx_word' id='word_1_3' title='bbox 429 1262 627 1329; x_wconf 67' lang='lat' dir='ltr'>anrnnnt</span> <span class='ocrx_word' id='word_1_4' title='bbox 645 1261 771 1331; x_wconf 67' lang='lat' dir='ltr'>Ltus.</span> <span class='ocrx_word' id='word_1_5' title='bbox 804 1278 880 1356; x_wconf 82' lang='lat'>317</span> 
     </span>
    </p>
   </div>
   <div class='ocr_carea' id='block_1_2' title="bbox 188 1373 885 3305">
    <p class='ocr_par' dir='ltr' id='par_1_2' title="bbox 188 1373 885 3305">
     <span class='ocr_line' id='line_1_2' title="bbox 196 1373 883 1457; baseline 0.004 -21"><span class='ocrx_word' id='word_1_6' title='bbox 196 1376 303 1437; x_wconf 84' lang='lat' dir='ltr'>elicere</span> <span class='ocrx_word' id='word_1_7' title='bbox 324 1377 405 1437; x_wconf 92' lang='lat' dir='ltr'>omni</span> <span class='ocrx_word' id='word_1_8' title='bbox 426 1375 537 1434; x_wconf 86' lang='lat' dir='ltr'>ratione</span> <span class='ocrx_word' id='word_1_9' title='bbox 554 1373 697 1435; x_wconf 89' lang='lat' dir='ltr'>voluille:</span> <span class='ocrx_word' id='word_1_10' title='bbox 717 1397 804 1457; x_wconf 91' lang='lat' dir='ltr'>quem</span> <span class='ocrx_word' id='word_1_11' title='bbox 824 1378 883 1439; x_wconf 83' lang='lat' dir='ltr'>ad·</span> 
     </span>
     <span class='ocr_line' id='line_1_3' title="bbox 195 1453 881 1534; baseline 0.004 -18"><span class='ocrx_word' id='word_1_12' title='bbox 195 1456 314 1517; x_wconf 64' lang='lat' dir='ltr'>dudum</span> <span class='ocrx_word' id='word_1_13' title='bbox 336 1458 366 1515; x_wconf 96' lang='lat' dir='ltr'>in</span> <span class='ocrx_word' id='word_1_14' title='bbox 390 1453 527 1534; x_wconf 84' lang='lat' dir='ltr'>judicium</span> <span class='ocrx_word' id='word_1_15' title='bbox 551 1454 666 1517; x_wconf 84' lang='lat' dir='ltr'>sortasse</span> <span class='ocrx_word' id='word_1_16' title='bbox 690 1456 793 1518; x_wconf 88' lang='lat' dir='ltr'>dimitti</span> <span class='ocrx_word' id='word_1_17' title='bbox 818 1479 881 1519; x_wconf 86' lang='lat' dir='ltr'>non</span> 
     </span>
     <span class='ocr_line' id='line_1_4' title="bbox 196 1536 882 1617; baseline 0.004 -21"><span class='ocrx_word' id='word_1_18' title='bbox 196 1540 383 1617; x_wconf 88' lang='lat' dir='ltr'>oportuerit;</span> <span class='ocrx_word' id='word_1_19' title='bbox 402 1537 533 1616; x_wconf 87' lang='lat' dir='ltr'>conquiri</span> <span class='ocrx_word' id='word_1_20' title='bbox 552 1537 643 1610; x_wconf 78' lang='lat' dir='ltr'>verb,</span> <span class='ocrx_word' id='word_1_21' title='bbox 659 1536 689 1595; x_wconf 88' lang='lat'>&amp;</span> <span class='ocrx_word' id='word_1_22' title='bbox 706 1541 771 1598; x_wconf 91' lang='lat' dir='ltr'>elici</span> <span class='ocrx_word' id='word_1_23' title='bbox 791 1538 882 1599; x_wconf 85' lang='lat' dir='ltr'>blan-</span> 
     </span>
     <span class='ocr_line' id='line_1_5' title="bbox 196 1614 881 1698; baseline 0.007 -21"><span class='ocrx_word' id='word_1_24' title='bbox 196 1617 273 1677; x_wconf 86' lang='lat' dir='ltr'>ditiis</span> <span class='ocrx_word' id='word_1_25' title='bbox 288 1615 340 1698; x_wconf 90' lang='lat' dir='ltr'>(ut</span> <span class='ocrx_word' id='word_1_26' title='bbox 357 1634 387 1677; x_wconf 92' lang='lat' dir='ltr'>tu</span> <span class='ocrx_word' id='word_1_27' title='bbox 405 1614 522 1696; x_wconf 88' lang='lat' dir='ltr'>scribis)</span> <span class='ocrx_word' id='word_1_28' title='bbox 541 1614 577 1674; x_wconf 87' lang='lat' dir='ltr'>ad</span> <span class='ocrx_word' id='word_1_29' title='bbox 595 1614 750 1693; x_wconf 77' lang='lat' dir='ltr'>judicium,</span> <span class='ocrx_word' id='word_1_30' title='bbox 766 1618 881 1682; x_wconf 82' lang='lat' dir='ltr'>necesse</span> 
     </span>
     <span class='ocr_line' id='line_1_6' title="bbox 196 1695 882 1781; baseline 0.007 -25"><span class='ocrx_word' id='word_1_31' title='bbox 196 1718 256 1757; x_wconf 92' lang='lat' dir='ltr'>non</span> <span class='ocrx_word' id='word_1_32' title='bbox 270 1696 347 1768; x_wconf 87' lang='lat' dir='ltr'>suir;</span> <span class='ocrx_word' id='word_1_33' title='bbox 361 1716 428 1757; x_wconf 89' lang='lat' dir='ltr'>eum</span> <span class='ocrx_word' id='word_1_34' title='bbox 444 1695 599 1775; x_wconf 77' lang='lat' dir='ltr'>praesertim</span> <span class='ocrx_word' id='word_1_35' title='bbox 615 1697 779 1773; x_wconf 86' lang='lat' dir='ltr'>hominem,</span> <span class='ocrx_word' id='word_1_36' title='bbox 791 1719 882 1781; x_wconf 88' lang='lat' dir='ltr'>quem</span> 
     </span>
     <span class='ocr_line' id='line_1_7' title="bbox 196 1776 882 1859; baseline 0.004 -21"><span class='ocrx_word' id='word_1_37' title='bbox 196 1797 253 1859; x_wconf 84' lang='lat' dir='ltr'>ego</span> <span class='ocrx_word' id='word_1_38' title='bbox 271 1777 358 1838; x_wconf 88' lang='lat' dir='ltr'>&amp;ex</span> <span class='ocrx_word' id='word_1_39' title='bbox 377 1776 430 1834; x_wconf 91' lang='lat' dir='ltr'>suis</span> <span class='ocrx_word' id='word_1_40' title='bbox 451 1777 581 1847; x_wconf 85' lang='lat' dir='ltr'>civibus,</span> <span class='ocrx_word' id='word_1_41' title='bbox 600 1777 685 1837; x_wconf 87' lang='lat' dir='ltr'>&amp;ex</span> <span class='ocrx_word' id='word_1_42' title='bbox 704 1779 799 1838; x_wconf 88' lang='lat' dir='ltr'>multis</span> <span class='ocrx_word' id='word_1_43' title='bbox 819 1781 882 1841; x_wconf 75' lang='lat' dir='ltr'>aliis</span> 
     </span>
     <span class='ocr_line' id='line_1_8' title="bbox 197 1855 884 1939; baseline 0.009 -23"><span class='ocrx_word' id='word_1_44' title='bbox 197 1858 329 1939; x_wconf 83' lang='lat' dir='ltr'>quotidie</span> <span class='ocrx_word' id='word_1_45' title='bbox 350 1858 440 1938; x_wconf 84' lang='lat' dir='ltr'>magis</span> <span class='ocrx_word' id='word_1_46' title='bbox 462 1855 607 1938; x_wconf 85' lang='lat' dir='ltr'>cognosco</span> <span class='ocrx_word' id='word_1_47' title='bbox 628 1858 801 1919; x_wconf 87' lang='lat' dir='ltr'>nobiliorem</span> <span class='ocrx_word' id='word_1_48' title='bbox 820 1856 884 1922; x_wconf 81' lang='lat' dir='ltr'>esse·</span> 
     </span>
     <span class='ocr_line' id='line_1_9' title="bbox 197 1936 882 2018; baseline 0 -20"><span class='ocrx_word' id='word_1_49' title='bbox 197 1939 309 2018; x_wconf 70' lang='lat' dir='ltr'>prope,</span> <span class='ocrx_word' id='word_1_50' title='bbox 369 1937 416 1996; x_wconf 75' lang='lat' dir='ltr'>im</span> <span class='ocrx_word' id='word_1_51' title='bbox 445 1938 592 1997; x_wconf 87' lang='lat' dir='ltr'>civitatem</span> <span class='ocrx_word' id='word_1_52' title='bbox 618 1936 706 1998; x_wconf 87' lang='lat' dir='ltr'>suam.</span> <span class='ocrx_word' id='word_1_53' title='bbox 736 1942 778 1999; x_wconf 90' lang='lat' dir='ltr'>At</span> <span class='ocrx_word' id='word_1_54' title='bbox 801 1941 882 1998; x_wconf 87' lang='lat' dir='ltr'>enim</span> 
     </span>
     <span class='ocr_line' id='line_1_10' title="bbox 198 2015 883 2098; baseline 0.003 -21"><span class='ocrx_word' id='word_1_55' title='bbox 198 2016 310 2078; x_wconf 81' lang='lat' dir='ltr'>Graecis</span> <span class='ocrx_word' id='word_1_56' title='bbox 347 2018 401 2077; x_wconf 90' lang='lat' dir='ltr'>olis</span> <span class='ocrx_word' id='word_1_57' title='bbox 425 2017 572 2098; x_wconf 87' lang='lat' dir='ltr'>indulgeo.</span> <span class='ocrx_word' id='word_1_58' title='bbox 598 2015 683 2096; x_wconf 88' lang='lat' dir='ltr'>Quid</span> <span class='ocrx_word' id='word_1_59' title='bbox 702 2018 713 2078; x_wconf 73' lang='grc' dir='ltr'><strong><em>ἓ</em></strong></span> <span class='ocrx_word' id='word_1_60' title='bbox 734 2019 767 2080; x_wconf 87' lang='lat' dir='ltr'>L.</span> <span class='ocrx_word' id='word_1_61' title='bbox 780 2016 883 2079; x_wconf 88' lang='lat' dir='ltr'>Caeci·</span> 
     </span>
     <span class='ocr_line' id='line_1_11' title="bbox 196 2098 882 2181; baseline 0.007 -25"><span class='ocrx_word' id='word_1_62' title='bbox 196 2098 267 2158; x_wconf 80' lang='lat' dir='ltr'>lium</span> <span class='ocrx_word' id='word_1_63' title='bbox 287 2117 387 2157; x_wconf 89' lang='lat' dir='ltr'>nonne</span> <span class='ocrx_word' id='word_1_64' title='bbox 407 2099 488 2156; x_wconf 90' lang='lat' dir='ltr'>omni</span> <span class='ocrx_word' id='word_1_65' title='bbox 506 2101 617 2158; x_wconf 87' lang='lat' dir='ltr'>ratione</span> <span class='ocrx_word' id='word_1_66' title='bbox 637 2099 777 2179; x_wconf 81' lang='lat' dir='ltr'>placavi?</span> <span class='ocrx_word' id='word_1_67' title='bbox 793 2121 882 2181; x_wconf 90' lang='lat' dir='ltr'>quem</span> 
     </span>
     <span class='ocr_line' id='line_1_12' title="bbox 197 2176 880 2262; baseline 0.007 -25"><span class='ocrx_word' id='word_1_68' title='bbox 197 2178 348 2239; x_wconf 66' lang='lat' dir='ltr'>honinem</span> <span class='ocrx_word' id='word_1_69' title='bbox 366 2176 377 2237; x_wconf 86' lang='lat'>?</span> <span class='ocrx_word' id='word_1_70' title='bbox 398 2177 454 2258; x_wconf 74' lang='lat' dir='ltr'>qut</span> <span class='ocrx_word' id='word_1_71' title='bbox 477 2177 519 2236; x_wconf 74' lang='lat' dir='ltr'>ird</span> <span class='ocrx_word' id='word_1_72' title='bbox 536 2177 547 2237; x_wconf 74' lang='lat' dir='ltr'>i</span> <span class='ocrx_word' id='word_1_73' title='bbox 566 2199 625 2259; x_wconf 91' lang='lat' dir='ltr'>quo</span> <span class='ocrx_word' id='word_1_74' title='bbox 649 2178 744 2260; x_wconf 87' lang='lat' dir='ltr'>spiritu</span> <span class='ocrx_word' id='word_1_75' title='bbox 760 2180 772 2241; x_wconf 72' lang='grc' dir='ltr'><strong><em>ἓ</em></strong></span> <span class='ocrx_word' id='word_1_76' title='bbox 790 2201 880 2262; x_wconf 86' lang='lat' dir='ltr'>quem</span> 
     </span>
     <span class='ocr_line' id='line_1_13' title="bbox 197 2255 881 2340; baseline 0.004 -21"><span class='ocrx_word' id='word_1_77' title='bbox 197 2258 327 2340; x_wconf 85' lang='lat' dir='ltr'>denique</span> <span class='ocrx_word' id='word_1_78' title='bbox 354 2276 457 2337; x_wconf 85' lang='lat' dir='ltr'>praeter</span> <span class='ocrx_word' id='word_1_79' title='bbox 478 2255 671 2334; x_wconf 87' lang='lat' dir='ltr'>Tuscenium,</span> <span class='ocrx_word' id='word_1_80' title='bbox 689 2259 770 2337; x_wconf 76' lang='lat' dir='ltr'>cujus</span> <span class='ocrx_word' id='word_1_81' title='bbox 797 2259 881 2323; x_wconf 77' lang='lat' dir='ltr'>causa</span> 
     </span>
     <span class='ocr_line' id='line_1_14' title="bbox 194 2335 883 2422; baseline 0.004 -23"><span class='ocrx_word' id='word_1_82' title='bbox 194 2337 288 2399; x_wconf 81' lang='lat' dir='ltr'>sanari</span> <span class='ocrx_word' id='word_1_83' title='bbox 316 2359 377 2398; x_wconf 89' lang='lat' dir='ltr'>non</span> <span class='ocrx_word' id='word_1_84' title='bbox 404 2335 516 2417; x_wconf 92' lang='lat' dir='ltr'>potest,</span> <span class='ocrx_word' id='word_1_85' title='bbox 535 2359 594 2398; x_wconf 93' lang='lat' dir='ltr'>non</span> <span class='ocrx_word' id='word_1_86' title='bbox 618 2340 781 2422; x_wconf 87' lang='lat' dir='ltr'>mitigavi?</span> <span class='ocrx_word' id='word_1_87' title='bbox 804 2341 883 2403; x_wconf 87' lang='lat' dir='ltr'>Ecce</span> 
     </span>
     <span class='ocr_line' id='line_1_15' title="bbox 194 2417 883 2501; baseline 0.003 -21"><span class='ocrx_word' id='word_1_88' title='bbox 194 2419 281 2501; x_wconf 83' lang='lat' dir='ltr'>supra</span> <span class='ocrx_word' id='word_1_89' title='bbox 302 2436 388 2498; x_wconf 88' lang='lat' dir='ltr'>caput</span> <span class='ocrx_word' id='word_1_90' title='bbox 409 2419 499 2477; x_wconf 95' lang='lat' dir='ltr'>homo</span> <span class='ocrx_word' id='word_1_91' title='bbox 519 2417 591 2480; x_wconf 88' lang='lat' dir='ltr'>levis</span> <span class='ocrx_word' id='word_1_92' title='bbox 612 2441 645 2479; x_wconf 86' lang='lat' dir='ltr'>ac</span> <span class='ocrx_word' id='word_1_93' title='bbox 666 2419 814 2495; x_wconf 90' lang='lat' dir='ltr'>sordidus,</span> <span class='ocrx_word' id='word_1_94' title='bbox 831 2422 883 2482; x_wconf 86' lang='lat' dir='ltr'>sed</span> 
     </span>
     <span class='ocr_line' id='line_1_16' title="bbox 194 2496 883 2580; baseline 0 -19"><span class='ocrx_word' id='word_1_95' title='bbox 194 2516 298 2561; x_wconf 77' lang='lat' dir='ltr'>tamen</span> <span class='ocrx_word' id='word_1_96' title='bbox 315 2496 438 2580; x_wconf 82' lang='lat' dir='ltr'>equestri</span> <span class='ocrx_word' id='word_1_97' title='bbox 458 2497 561 2571; x_wconf 90' lang='lat' dir='ltr'>censu,</span> <span class='ocrx_word' id='word_1_98' title='bbox 572 2497 711 2560; x_wconf 86' lang='lat' dir='ltr'>Catienus</span> <span class='ocrx_word' id='word_1_99' title='bbox 728 2521 735 2559; x_wconf 75' lang='grc' dir='ltr'><strong><em>ε</em></strong></span> <span class='ocrx_word' id='word_1_100' title='bbox 753 2503 839 2559; x_wconf 87' lang='lat' dir='ltr'>etiam</span> <span class='ocrx_word' id='word_1_101' title='bbox 857 2503 883 2562; x_wconf 85' lang='lat' dir='ltr'>is</span> 
     </span>
     <span class='ocr_line' id='line_1_17' title="bbox 193 2577 885 2658; baseline 0 -18"><span class='ocrx_word' id='word_1_102' title='bbox 193 2580 347 2641; x_wconf 85' lang='lat' dir='ltr'>lenietur:</span> <span class='ocrx_word' id='word_1_103' title='bbox 368 2577 447 2657; x_wconf 81' lang='lat' dir='ltr'>cujus</span> <span class='ocrx_word' id='word_1_104' title='bbox 469 2597 500 2638; x_wconf 93' lang='lat' dir='ltr'>tu</span> <span class='ocrx_word' id='word_1_105' title='bbox 520 2580 550 2636; x_wconf 88' lang='lat' dir='ltr'>in</span> <span class='ocrx_word' id='word_1_106' title='bbox 573 2597 685 2657; x_wconf 86' lang='lat' dir='ltr'>patrem</span> <span class='ocrx_word' id='word_1_107' title='bbox 708 2580 787 2658; x_wconf 76' lang='lat' dir='ltr'>quod</span> <span class='ocrx_word' id='word_1_108' title='bbox 809 2579 885 2640; x_wconf 86' lang='lat' dir='ltr'>fuisti</span> 
     </span>
     <span class='ocr_line' id='line_1_18' title="bbox 191 2658 885 2741; baseline -0.003 -19"><span class='ocrx_word' id='word_1_109' title='bbox 191 2660 346 2741; x_wconf 81' lang='lat' dir='ltr'>asperior,</span> <span class='ocrx_word' id='word_1_110' title='bbox 364 2680 425 2719; x_wconf 90' lang='lat' dir='ltr'>non</span> <span class='ocrx_word' id='word_1_111' title='bbox 455 2658 637 2737; x_wconf 88' lang='lat' dir='ltr'>reprehendo</span> <span class='ocrx_word' id='word_1_112' title='bbox 659 2680 668 2730; x_wconf 92' lang='lat'>;</span> <span class='ocrx_word' id='word_1_113' title='bbox 694 2659 774 2718; x_wconf 77' lang='lat' dir='ltr'>certo</span> <span class='ocrx_word' id='word_1_114' title='bbox 803 2662 885 2720; x_wconf 88' lang='lat' dir='ltr'>enim</span> 
     </span>
     <span class='ocr_line' id='line_1_19' title="bbox 192 2737 883 2820; baseline 0 -18"><span class='ocrx_word' id='word_1_115' title='bbox 192 2740 255 2803; x_wconf 90' lang='lat' dir='ltr'>scio</span> <span class='ocrx_word' id='word_1_116' title='bbox 277 2758 308 2801; x_wconf 89' lang='lat' dir='ltr'>te</span> <span class='ocrx_word' id='word_1_117' title='bbox 326 2738 421 2801; x_wconf 82' lang='lat' dir='ltr'>fecisse</span> <span class='ocrx_word' id='word_1_118' title='bbox 441 2758 508 2798; x_wconf 90' lang='lat' dir='ltr'>cum</span> <span class='ocrx_word' id='word_1_119' title='bbox 525 2739 630 2798; x_wconf 86' lang='lat' dir='ltr'>causa:</span> <span class='ocrx_word' id='word_1_120' title='bbox 649 2737 698 2798; x_wconf 90' lang='lat' dir='ltr'>sed</span> <span class='ocrx_word' id='word_1_121' title='bbox 718 2738 786 2819; x_wconf 92' lang='lat' dir='ltr'>quid</span> <span class='ocrx_word' id='word_1_122' title='bbox 807 2762 883 2820; x_wconf 82' lang='lat' dir='ltr'>opus</span> 
     </span>
     <span class='ocr_line' id='line_1_20' title="bbox 191 2819 884 2900; baseline -0.004 -16"><span class='ocrx_word' id='word_1_123' title='bbox 191 2820 250 2884; x_wconf 81' lang='lat' dir='ltr'>fuit</span> <span class='ocrx_word' id='word_1_124' title='bbox 267 2819 411 2900; x_wconf 85' lang='lat' dir='ltr'>ejusmodi</span> <span class='ocrx_word' id='word_1_125' title='bbox 428 2819 548 2890; x_wconf 86' lang='lat' dir='ltr'>litteris,</span> <span class='ocrx_word' id='word_1_126' title='bbox 562 2838 633 2900; x_wconf 78' lang='lat' dir='ltr'>quas</span> <span class='ocrx_word' id='word_1_127' title='bbox 654 2819 690 2879; x_wconf 86' lang='lat' dir='ltr'>ad</span> <span class='ocrx_word' id='word_1_128' title='bbox 711 2819 800 2900; x_wconf 93' lang='lat' dir='ltr'>ipsum</span> <span class='ocrx_word' id='word_1_129' title='bbox 822 2824 884 2881; x_wconf 90' lang='lat' dir='ltr'>mi-</span> 
     </span>
     <span class='ocr_line' id='line_1_21' title="bbox 191 2899 884 2980; baseline 0.001 -17"><span class='ocrx_word' id='word_1_130' title='bbox 191 2901 253 2963; x_wconf 75' lang='lat' dir='ltr'>sisti</span> <span class='ocrx_word' id='word_1_131' title='bbox 267 2900 281 2962; x_wconf 77' lang='grc' dir='ltr'><strong><em>ἓ</em></strong></span> <span class='ocrx_word' id='word_1_132' title='bbox 295 2903 376 2962; x_wconf 90' lang='lat' dir='ltr'>illum</span> <span class='ocrx_word' id='word_1_133' title='bbox 392 2920 506 2960; x_wconf 88' lang='lat' dir='ltr'>crucem</span> <span class='ocrx_word' id='word_1_134' title='bbox 522 2899 574 2959; x_wconf 91' lang='lat' dir='ltr'>sihi</span> <span class='ocrx_word' id='word_1_135' title='bbox 589 2899 681 2980; x_wconf 91' lang='lat' dir='ltr'>ipsum</span> <span class='ocrx_word' id='word_1_136' title='bbox 696 2899 884 2979; x_wconf 83' lang='lat' dir='ltr'>constituere,</span> 
     </span>
     <span class='ocr_line' id='line_1_22' title="bbox 190 2979 884 3065; baseline -0.003 -20"><span class='ocrx_word' id='word_1_137' title='bbox 190 3002 233 3045; x_wconf 84' lang='lat' dir='ltr'>ex</span> <span class='ocrx_word' id='word_1_138' title='bbox 251 3004 313 3065; x_wconf 81' lang='lat' dir='ltr'>qua</span> <span class='ocrx_word' id='word_1_139' title='bbox 330 3000 361 3041; x_wconf 92' lang='lat' dir='ltr'>tu</span> <span class='ocrx_word' id='word_1_140' title='bbox 380 3001 446 3042; x_wconf 86' lang='lat' dir='ltr'>eum</span> <span class='ocrx_word' id='word_1_141' title='bbox 464 2981 529 3040; x_wconf 71' lang='lat' dir='ltr'>ante</span> <span class='ocrx_word' id='word_1_142' title='bbox 548 2979 734 3042; x_wconf 81' lang='lat' dir='ltr'>detraxisses:</span> <span class='ocrx_word' id='word_1_143' title='bbox 754 3000 782 3044; x_wconf 89' lang='lat' dir='ltr'>te</span> <span class='ocrx_word' id='word_1_144' title='bbox 800 3005 884 3043; x_wconf 87' lang='lat' dir='ltr'>cura·</span> 
     </span>
     <span class='ocr_line' id='line_1_23' title="bbox 189 3060 882 3136; baseline -0.001 -11"><span class='ocrx_word' id='word_1_145' title='bbox 189 3078 298 3125; x_wconf 86' lang='lat' dir='ltr'>turum</span> <span class='ocrx_word' id='word_1_146' title='bbox 317 3060 399 3121; x_wconf 89' lang='lat' dir='ltr'>fumo</span> <span class='ocrx_word' id='word_1_147' title='bbox 420 3080 452 3123; x_wconf 93' lang='lat' dir='ltr'>ut</span> <span class='ocrx_word' id='word_1_148' title='bbox 471 3063 706 3136; x_wconf 85' lang='lat' dir='ltr'>combureretur,</span> <span class='ocrx_word' id='word_1_149' title='bbox 747 3063 882 3124; x_wconf 83' lang='lat' dir='ltr'>laudenre</span> 
     </span>
     <span class='ocr_line' id='line_1_24' title="bbox 188 3142 884 3224; baseline -0.003 -20"><span class='ocrx_word' id='word_1_150' title='bbox 188 3145 260 3207; x_wconf 76' lang='lat' dir='ltr'>totd</span> <span class='ocrx_word' id='word_1_151' title='bbox 280 3143 442 3224; x_wconf 72' lang='lat' dir='ltr'>provincial.</span> <span class='ocrx_word' id='word_1_152' title='bbox 463 3142 548 3220; x_wconf 88' lang='lat' dir='ltr'>Quid</span> <span class='ocrx_word' id='word_1_153' title='bbox 564 3146 637 3203; x_wconf 77' lang='lat' dir='ltr'>verri</span> <span class='ocrx_word' id='word_1_154' title='bbox 656 3142 692 3201; x_wconf 84' lang='lat' dir='ltr'>ad</span> <span class='ocrx_word' id='word_1_155' title='bbox 743 3143 884 3202; x_wconf 86' lang='lat' dir='ltr'>.Fabium</span> 
     </span>
     <span class='ocr_line' id='line_1_25' title="bbox 193 3221 885 3305; baseline -0.007 -19"><span class='ocrx_word' id='word_1_156' title='bbox 193 3224 299 3286; x_wconf 84' lang='lat' dir='ltr'>tiescio</span> <span class='ocrx_word' id='word_1_157' title='bbox 340 3223 433 3283; x_wconf 85' lang='lat' dir='ltr'>uem?</span> <span class='ocrx_word' id='word_1_158' title='bbox 452 3221 538 3305; x_wconf 87' lang='lat' dir='ltr'>(nam</span> <span class='ocrx_word' id='word_1_159' title='bbox 557 3243 623 3281; x_wconf 88' lang='lat' dir='ltr'>eam</span> <span class='ocrx_word' id='word_1_160' title='bbox 642 3241 758 3301; x_wconf 91' lang='lat' dir='ltr'>quoque</span> <span class='ocrx_word' id='word_1_161' title='bbox 776 3222 885 3302; x_wconf 87' lang='lat' dir='ltr'>episto-</span> 
     </span>
    </p>
   </div>
   <div class='ocr_carea' id='block_1_3' title="bbox 198 3298 980 3389">
    <p class='ocr_par' dir='ltr' id='par_1_3' title="bbox 198 3298 980 3389">
     <span class='ocr_line' id='line_1_26' title="bbox 198 3298 980 3389; baseline -0.006 -24"><span class='ocrx_word' id='word_1_162' title='bbox 198 3314 254 3365; x_wconf 72' lang='lat' dir='ltr'>&#39;am</span> <span class='ocrx_word' id='word_1_163' title='bbox 277 3302 317 3364; x_wconf 87' lang='lat' dir='ltr'>T.</span> <span class='ocrx_word' id='word_1_164' title='bbox 360 3308 469 3364; x_wconf 88' lang='lat' dir='ltr'>atienus</span> <span class='ocrx_word' id='word_1_165' title='bbox 492 3298 711 3382; x_wconf 82' lang='lat' dir='ltr'>circumgestat)</span> <span class='ocrx_word' id='word_1_166' title='bbox 729 3305 884 3361; x_wconf 83' lang='lat' dir='ltr'>renuntiari</span> <span class='ocrx_word' id='word_1_167' title='bbox 974 3369 980 3389; x_wconf 42' lang='lat'>,</span> 
     </span>
    </p>
   </div>
   <div class='ocr_carea' id='block_1_4' title="bbox 205 3380 885 3866">
    <p class='ocr_par' dir='ltr' id='par_1_4' title="bbox 205 3380 885 3866">
     <span class='ocr_line' id='line_1_27' title="bbox 205 3380 885 3464; baseline -0.007 -18"><span class='ocrx_word' id='word_1_168' title='bbox 205 3388 270 3459; x_wconf 91' lang='lat' dir='ltr'>ibi,</span> <span class='ocrx_word' id='word_1_169' title='bbox 291 3384 432 3444; x_wconf 87' lang='lat' dir='ltr'>Licinium</span> <span class='ocrx_word' id='word_1_170' title='bbox 454 3385 623 3464; x_wconf 86' lang='lat' dir='ltr'>plagiarium</span> <span class='ocrx_word' id='word_1_171' title='bbox 645 3401 711 3441; x_wconf 94' lang='lat' dir='ltr'>cum</span> <span class='ocrx_word' id='word_1_172' title='bbox 732 3380 781 3441; x_wconf 87' lang='lat' dir='ltr'>suo</span> <span class='ocrx_word' id='word_1_173' title='bbox 802 3382 885 3462; x_wconf 92' lang='lat' dir='ltr'>pullo</span> 
     </span>
     <span class='ocr_line' id='line_1_28' title="bbox 208 3460 885 3544; baseline -0.006 -19"><span class='ocrx_word' id='word_1_174' title='bbox 208 3468 323 3527; x_wconf 85' lang='lat' dir='ltr'>nilvino</span> <span class='ocrx_word' id='word_1_175' title='bbox 351 3466 457 3526; x_wconf 82' lang='lat' dir='ltr'>tributa</span> <span class='ocrx_word' id='word_1_176' title='bbox 484 3463 631 3544; x_wconf 80' lang='lat' dir='ltr'>exigere?</span> <span class='ocrx_word' id='word_1_177' title='bbox 654 3460 771 3522; x_wconf 86' lang='lat' dir='ltr'>Deinde</span> <span class='ocrx_word' id='word_1_178' title='bbox 798 3483 885 3544; x_wconf 82' lang='lat' dir='ltr'>rogas</span> 
     </span>
     <span class='ocr_line' id='line_1_29' title="bbox 212 3536 884 3623; baseline -0.009 -15"><span class='ocrx_word' id='word_1_179' title='bbox 212 3536 344 3619; x_wconf 71' lang='lat' dir='ltr'>¹tibium,</span> <span class='ocrx_word' id='word_1_180' title='bbox 361 3565 393 3606; x_wconf 96' lang='lat' dir='ltr'>ut</span> <span class='ocrx_word' id='word_1_181' title='bbox 419 3546 450 3604; x_wconf 88' lang='lat'>&amp;</span> <span class='ocrx_word' id='word_1_182' title='bbox 473 3563 607 3623; x_wconf 87' lang='lat' dir='ltr'>patrem,</span> <span class='ocrx_word' id='word_1_183' title='bbox 625 3544 656 3602; x_wconf 89' lang='lat'><strong>&amp;</strong></span> <span class='ocrx_word' id='word_1_184' title='bbox 680 3540 769 3600; x_wconf 89' lang='lat' dir='ltr'>stlium</span> <span class='ocrx_word' id='word_1_185' title='bbox 797 3545 884 3602; x_wconf 83' lang='lat' dir='ltr'>vivos</span> 
     </span>
     <span class='ocr_line' id='line_1_30' title="bbox 218 3623 885 3704; baseline -0.009 -15"><span class='ocrx_word' id='word_1_186' title='bbox 218 3630 373 3701; x_wconf 72' lang='lat' dir='ltr'>›mburat,</span> <span class='ocrx_word' id='word_1_187' title='bbox 392 3627 415 3685; x_wconf 91' lang='lat' dir='ltr'>si</span> <span class='ocrx_word' id='word_1_188' title='bbox 441 3627 531 3704; x_wconf 76' lang='lat' dir='ltr'>possit</span> <span class='ocrx_word' id='word_1_189' title='bbox 551 3643 560 3694; x_wconf 83' lang='lat'><em>3</em></span> <span class='ocrx_word' id='word_1_190' title='bbox 585 3625 629 3682; x_wconf 87' lang='lat' dir='ltr'>sin</span> <span class='ocrx_word' id='word_1_191' title='bbox 656 3624 770 3693; x_wconf 80' lang='lat' dir='ltr'>minus,</span> <span class='ocrx_word' id='word_1_192' title='bbox 792 3623 828 3681; x_wconf 88' lang='lat' dir='ltr'>ad</span> <span class='ocrx_word' id='word_1_193' title='bbox 854 3641 885 3683; x_wconf 88' lang='lat' dir='ltr'>te</span> 
     </span>
     <span class='ocr_line' id='line_1_31' title="bbox 225 3702 885 3783; baseline -0.011 -14"><span class='ocrx_word' id='word_1_194' title='bbox 225 3712 313 3782; x_wconf 87' lang='lat' dir='ltr'>ittat,</span> <span class='ocrx_word' id='word_1_195' title='bbox 330 3711 373 3766; x_wconf 89' lang='lat' dir='ltr'>uti</span> <span class='ocrx_word' id='word_1_196' title='bbox 396 3705 502 3783; x_wconf 78' lang='lat' dir='ltr'>judicio</span> <span class='ocrx_word' id='word_1_197' title='bbox 524 3707 738 3762; x_wconf 86' lang='lat' dir='ltr'>comburantur.</span> <span class='ocrx_word' id='word_1_198' title='bbox 760 3702 814 3762; x_wconf 83' lang='lat' dir='ltr'>Hae</span> <span class='ocrx_word' id='word_1_199' title='bbox 835 3702 885 3762; x_wconf 91' lang='lat' dir='ltr'>lit-</span> 
     </span>
     <span class='ocr_line' id='line_1_32' title="bbox 228 3780 885 3866; baseline -0.008 -16"><span class='ocrx_word' id='word_1_200' title='bbox 228 3811 265 3850; x_wconf 82' lang='lat' dir='ltr'>rae</span> <span class='ocrx_word' id='word_1_201' title='bbox 289 3790 392 3850; x_wconf 83' lang='lat' dir='ltr'>abste</span> <span class='ocrx_word' id='word_1_202' title='bbox 417 3806 468 3866; x_wconf 82' lang='lat' dir='ltr'>per</span> <span class='ocrx_word' id='word_1_203' title='bbox 488 3782 586 3863; x_wconf 78' lang='lat' dir='ltr'>jocum</span> <span class='ocrx_word' id='word_1_204' title='bbox 607 3780 693 3844; x_wconf 87' lang='lat' dir='ltr'>millae</span> <span class='ocrx_word' id='word_1_205' title='bbox 716 3782 751 3842; x_wconf 82' lang='lat' dir='ltr'>acl</span> <span class='ocrx_word' id='word_1_206' title='bbox 775 3782 885 3856; x_wconf 44' lang='lat' dir='ltr'>&lt;itm</span> 
     </span>
    </p>
   </div>
   <div class='ocr_carea' id='block_1_5' title="bbox 703 3862 781 3946">
    <p class='ocr_par' dir='ltr' id='par_1_5' title="bbox 703 3862 781 3946">
     <span class='ocr_line' id='line_1_33' title="bbox 703 3862 781 3946; baseline -0.026 -21"><span class='ocrx_word' id='word_1_207' title='bbox 703 3862 732 3925; x_wconf 92' lang='lat' dir='ltr'>o</span> <span class='ocrx_word' id='word_1_208' title='bbox 751 3863 781 3946; x_wconf 65' lang='lat' dir='ltr'>n,</span> 
     </span>
    </p>
   </div>
   <div class='ocr_carea' id='block_1_6' title="bbox 0 0 1211 5492">
    <p class='ocr_par' dir='ltr' id='par_1_6' title="bbox 0 0 1211 5492">
     <span class='ocr_line' id='line_1_34' title="bbox 0 0 1211 5492; baseline 0 0"><span class='ocrx_word' id='word_1_209' title='bbox 0 0 1211 5492; x_wconf 95' lang='lat' dir='ltr'> </span> 
     </span>
    </p>
   </div>
  </div>
 </body>
</html>
