2409 5492
306 1262 366 1332 ap
381 1244 425 1338 Q.
439 1244 638 1313 Fnarnrnr
653 1247 740 1315 lin.
752 1241 782 1314 J.
813 1264 886 1335 29¹

207 1359 236 1421 id
253 1376 353 1421 nutem
369 1359 406 1419 sit
423 1377 471 1417 ma
490 1377 560 1417 num
582 1360 614 1419 δι
632 1356 748 1418 difficile
767 1360 891 1435 ceteris,

208 1444 281 1503 sicut
308 1437 351 1501 est
376 1378 600 1499 difficiliimurn:
630 1442 682 1499 tibi
707 1438 739 1497 &
758 1436 814 1498 fuit
834 1439 893 1499 hoc

207 1519 320 1601 semper
340 1517 530 1594 facillimum,
552 1519 584 1579 δι
603 1521 677 1581 vero
697 1515 752 1579 effe
771 1518 892 1593 debuit;

208 1598 288 1680 cujus
318 1616 420 1660 natura
451 1599 515 1661 talis
545 1597 619 1673 est,
649 1618 680 1661 ut
710 1602 796 1660 etiam
829 1602 891 1662 sine
977 1640 986 1647 -

208 1680 337 1743 doetrina
355 1679 488 1742 videatur
506 1680 658 1741 moderata
676 1676 732 1740 effe
751 1680 894 1760 potuiffe3

211 1781 242 1823 ea
264 1780 364 1821 autem
386 1759 512 1821 adhibita
530 1759 660 1820 doitrina
681 1757 743 1832 est,
764 1781 827 1841 quae
842 1764 893 1823 vei

210 1842 424 1904 vitiosissimam
460 1858 591 1901 naturam
626 1839 758 1901 attollere
792 1846 893 1920 possit.

211 1920 254 1984 Tu
267 1941 360 2019 quum
371 1923 500 2001 pecuniae
511 1967 520 1994 ‚
531 1941 622 2001 quum
634 1920 792 2000 voluptati,
823 1943 892 1981 uum

212 2023 340 2064 omnium
352 2021 448 2061 rerum
459 2002 609 2081 cupiditati
621 2000 750 2072 resistes,
763 2019 795 2061 ut
803 1941 893 2074 incia

212 2087 284 2157 erit,
315 2081 427 2156 credo,
452 2084 636 2162 periculum,
665 2102 701 2144 ne
724 2082 892 2161 improbum

213 2165 449 2247 negotiatorem,
483 2163 571 2242 paulo
591 2163 773 2243 cupidiorem
790 2163 891 2243 publi-

213 2264 310 2307 canum
344 2245 538 2323 comprimere
572 2264 633 2304 non
672 2243 775 2324 possis.
812 2242 889 2304 Nam

213 2322 306 2389 Greci
326 2324 447 2404 quidem
463 2326 504 2382 sic
521 2341 551 2384 te
571 2325 613 2384 ira
630 2325 781 2386 viventem
799 2325 892 2386 intue-

173 2418 175 2423 '
213 2404 337 2478 buntur,
357 2422 389 2465 ut
410 2403 567 2485 quemdam
592 2423 630 2464 ex
655 2406 799 2464 annalium
823 2425 891 2465 me·

164 2488 165 2497 ’
214 2488 318 2559 moria,
332 2502 382 2545 aut
397 2487 485 2546 etiam
501 2484 538 2545 de
556 2484 634 2544 coelo
654 2485 783 2545 divinum
798 2482 892 2545 homi·

216 2584 277 2628 nem
294 2563 352 2628 effe
364 2566 395 2625 in
415 2566 595 2645 provinciam
613 2563 760 2644 delapsum
779 2581 891 2643 putent.

248 2666 279 2724 7.
300 2648 398 2725 Atque
417 2645 477 2705 haec
493 2666 571 2705 nunc
590 2665 651 2703 non
665 2660 697 2701 ut
711 2642 821 2718 facias,
841 2644 891 2707 sed

217 2743 242 2787 nt
263 2745 292 2789 ee
312 2725 428 2800 facere,
452 2725 485 2785 ὃ(
503 2722 600 2786 feciffe
626 2724 772 2805 gaudeas,
787 2722 889 2787 scribo.

218 2803 378 2869 Praeclarum
395 2804 436 2866 est
452 2808 554 2879 enim,
573 2804 685 2866 summo
707 2827 773 2865 cum
794 2807 890 2885 impe-

219 2888 254 2947 rio
279 2887 359 2949 fuiffe
378 2888 409 2946 in
432 2885 503 2946 Asia
521 2888 696 2959 triennium,
717 2889 757 2946 sic
774 2905 807 2946 ut
824 2889 891 2948 nul-

220 2965 269 3027 lum
294 2984 326 3030 te
348 2969 493 3048 signum,
517 2967 594 3027 nulla
624 2967 755 3047 pidiuta,
777 2970 889 3031 nullum

221 3066 289 3123 ves,
318 3049 398 3109 nulla
421 3045 507 3108 vestis
525 3093 534 3122 ‚
556 3048 667 3108 nullum
686 3051 887 3129 mancipium,

221 3128 288 3188 uuila
309 3128 406 3191 forma
429 3127 626 3209 cujusquam,
654 3130 732 3188 nulla
759 3131 889 3192 conditio

223 3212 340 3285 pecunia
362 3207 491 3290 (quibus
506 3211 593 3270 rebus
611 3208 736 3267 abundat
751 3206 800 3267 ista
819 3231 889 3289 pro·

224 3289 306 3349 vincia
325 3294 339 3362 )
359 3289 396 3348 ab
418 3288 528 3349 summa
553 3289 714 3371 integritate
736 3291 889 3349 continen-

225 3366 308 3451 tisque
341 3369 503 3430 deduxerit.
534 3368 619 3448 Quid
647 3386 744 3428 autem
772 3372 889 3449 reperiri

226 3461 274 3507 tem
291 3451 450 3522 eximium,
472 3465 519 3508 aut
536 3467 595 3510 tarn
617 3447 812 3530 expetendum
834 3471 891 3530 po-

164 3579 167 3592 .
226 3525 291 3604 test,
310 3530 400 3610 quim
419 3528 500 3589 istam
517 3532 681 3604 virtutem,
709 3528 890 3591 moderatio·

227 3625 283 3667 nem
305 3613 420 3682 animi,
442 3612 691 3689 temperantiam,
714 3628 774 3670 non
800 3610 890 3674 latere

164 3723 174 3764 ε
227 3685 408 3764 intenebris,
425 3709 518 3770 neque
538 3688 594 3750 effe
615 3688 765 3765 abditam3
790 3690 888 3754 sedin

164 3784 177 3842 Ιι
228 3763 281 3830 tuce
301 3773 404 3846 Λεία,
433 3772 463 3832 in
479 3772 571 3833 oculis
591 3770 889 3859 clarissimae'provin-

700 3848 768 3932 Ni]
