2409 5492
299 1259 364 1311 ar)
387 1241 431 1334 ρ.
446 1244 645 1311 Furem
662 1245 748 1313 Lm.
766 1244 794 1314 1.
814 1264 896 1342 -327

210 1356 379 1418 mlarnitme
388 1356 496 1418 satiata.
508 1354 626 1420 Deinde
638 1357 799 1444 congressiis
808 1360 898 1423 nosiri

211 1440 453 1513 lamentationem
475 1441 631 1519 pertimui:
651 1440 805 1524 digressum
820 1443 899 1505 verb

209 1540 271 1580 non
287 1517 430 1579 tulissem:
448 1537 531 1600 atque
545 1522 633 1581 etiam
652 1521 797 1603 idipsum,
810 1521 896 1663 ppod

209 1617 241 1661 ru
261 1599 385 1674 scribis,
405 1600 597 1674 metuebam,
624 1622 662 1663 ne
681 1624 697 1662 a
717 1603 810 1664 medi
847 1604 897 1665 ahi

209 1701 270 1742 non
292 1679 401 1762 posses.
419 1679 474 1741 His
495 1680 534 1741 de
553 1683 645 1740 causis
663 1681 719 1742 hoc
737 1686 896 1746 maximum

210 1761 349 1837 malum,
381 1761 460 1842 quod
483 1776 514 1821 te
541 1783 602 1821 non
628 1761 720 1837 vidi,
745 1783 804 1845 quo
826 1764 896 1826 nihii

211 1844 412 1903 amantissimis
438 1841 471 1902 ἃ
495 1840 735 1921 conjunsiissimis
764 1841 898 1906 fratribus

210 1923 343 1984 acerbius
360 1943 394 1982 ae
412 1923 539 1983 miserius
560 1923 677 1984 viderur
695 1923 826 1984 accidere
839 1946 898 2006 po·

213 2001 323 2078 ruisse,
352 2004 448 2064 minim
471 2003 628 2078 acerbum,
650 2005 743 2064 minirs
761 2003 897 2065 miserum

212 2081 286 2159 suit,
348 2081 395 2143 *am
413 2082 507 2144 fixisset
523 2104 612 2163 quum
628 2089 816 2168 congressio,
832 2103 898 2147 tum

209 2165 283 2226 verb
328 2166 447 2247 igressio
469 2163 574 2226 nostra.
603 2164 689 2225 Nunc
708 2211 720 2241 ‚
738 2168 763 2227 si
783 2184 868 2248 potes
885 2178 898 2243 ,'

210 2244 240 2305 id
258 2245 341 2327 qnod
359 2266 440 2331 ego,
457 2247 507 2327 qui
521 2245 602 2306 sortis
619 2246 670 2307 tibi
685 2246 798 2328 semper
812 2248 899 2311 vide-

208 2325 282 2400 bar,
301 2347 365 2388 non
383 2324 496 2407 poffum
509 2371 524 2398 ‚-
535 2329 612 2410 erige
633 2342 663 2387 te
684 2327 715 2387 &
734 2327 895 2403 confirma,

209 2409 233 2467 si
252 2429 311 2488 qua
325 2406 472 2468 subeunda
490 2408 636 2468 dimicatio
655 2411 718 2468 erit.
737 2409 853 2489 Spero,
871 2412 897 2470 si

208 2487 280 2569 quid
300 2509 368 2549 mea
387 2487 450 2568 spes
471 2487 558 2549 habet
576 2487 772 2564 annositatis,
792 2490 844 2548 ribi
862 2488 899 2549 8(

208 2569 406 2652 integritatem
420 2587 521 2643 tuam,
538 2569 569 2629 &
584 2588 715 2629 amorem
728 2572 758 2627 in
775 2585 805 2628 te
826 2569 897 2629 civi·

208 2651 309 2723 tatis,
344 2649 378 2710 &
410 2650 518 2730 aliquid
549 2650 638 2709 etiam
670 2648 896 2708 misericordiam

209 2728 300 2790 nostri
313 2774 329 2800 ,
346 2731 470 2812 praesidii
491 2731 631 2791 laturam:
651 2731 693 2788 sin
711 2731 767 2789 eris
786 2730 821 2789 ab
842 2726 897 2789 isto

209 2810 343 2890 periculo
368 2832 476 2872 vacuus
490 2830 500 2883 ;
516 2830 591 2893 eges
620 2807 755 2883 scilicet,
781 2813 804 2870 si
845 2807 897 2870 uid

210 2893 258 2975 agi
276 2888 357 2973 posse
375 2892 412 2952 de
430 2891 515 2952 nobis
539 2890 670 2972 putabis3
694 2890 730 2951 de
752 2913 811 2972 quo
825 2829 896 2952 scri·

209 2971 284 3033 hunt
307 2971 345 3031 ad
367 2993 415 3033 me
435 2972 553 3053 quidem
574 2971 656 3031 multi
679 2971 793 3047 mulsa,
815 2973 847 3032 &
865 2971 895 3034 se

208 3051 326 3132 sperare
347 3053 566 3113 demonstrant:
589 3052 639 3113 sed
657 3072 713 3134 ego
737 3054 808 3133 quid
827 3053 896 3133 spe·

209 3153 296 3208 rem,
318 3155 378 3193 non
398 3133 538 3215 dispicio,
561 3153 650 3215 quum
673 3136 782 3192 inimici
803 3134 896 3212 pluri-

209 3216 294 3274 mhm
316 3215 454 3290 valeant,
481 3216 567 3274 amici
591 3215 694 3292 partim
719 3212 894 3273 deseruerint

209 3314 285 3369 me,
307 3298 413 3376 partim
438 3297 525 3356 etiam
555 3292 762 3374 prodiderint3
789 3293 838 3372 qui
862 3295 894 3351 in

208 3395 281 3437 meo
306 3375 401 3436 reditu
429 3374 543 3436 fortasse
570 3374 825 3453 reprehensionem
853 3371 895 3433 sui

208 3455 327 3518 sceleris
342 3457 555 3537 pertimescant.
572 3455 631 3515 Sed
643 3453 693 3514 ista
709 3454 804 3534 qualia
818 3454 898 3529 sint,

208 3553 242 3598 m
254 3537 347 3598 velim
360 3538 527 3620 perspicias,
540 3536 666 3616 mihique
680 3534 817 3594 declares.
828 3531 895 3614 Ego

210 3633 333 3691 tamen,
358 3620 495 3699 quamdiu
514 3617 564 3678 tibi
588 3638 661 3694 opus
685 3615 738 3676 erit
747 3625 762 3688 ³,
778 3616 802 3672 si
820 3613 894 3754 grid

210 3699 332 3778 periculi
348 3698 527 3760 subeundum
543 3696 677 3768 videbis,
696 3696 804 3753 vivam.
852 3697 895 3757 iu-

189 3780 267 3846 tius
286 3781 316 3840 in
336 3779 391 3852 hec
411 3784 472 3845 vita
492 3778 628 3842 essenon
647 3773 780 3873 poffum':
796 3786 894 3860 neque·
