2409 5492
262 1256 341 1330 226
408 1256 782 1325 Errsrnrnnurr

261 1368 449 1450 persuadeas,
466 1373 490 1431 si
513 1368 616 1430 de³his
639 1368 724 1430 rebus
748 1371 788 1433 ad'
810 1368 947 1434 senatum

259 1450 379 1511 relatum
400 1453 456 1523 sit,
472 1469 519 1510 me
541 1447 780 1527 existimaturum,
798 1450 945 1513 summam

259 1532 329 1589 mihi
358 1531 473 1590 laudem
502 1529 663 1602 trrlrutam,
690 1533 714 1588 si
738 1551 769 1592 tu
797 1531 944 1597 honor'em

258 1614 357 1670 meum
375 1610 515 1671 sententia
534 1609 583 1669 nri
603 1613 810 1689 comprobaris.
830 1611 948 1691 quue,

258 1693 314 1750 etsi
331 1690 434 1751 talibus
452 1691 489 1751 de
505 1691 589 1750 rebus
607 1690 789 1771 gravissimos
806 1691 947 1753 homines

258 1770 412 1853 &rogare
433 1771 545 1845 solere,
562 1769 594 1830 &
613 1772 707 1852 rogari
728 1771 786 1832 scio
809 1791 818 1844 ;
842 1791 945 1835 tamen

259 1850 478 1912 admonendum
499 1851 594 1932 potius
615 1867 644 1911 te
662 1872 678 1909 a
695 1870 764 1926 me,
775 1851 868 1934 'quim
886 1874 944 1912 ro-

260 1932 388 2012 gandum
414 1948 494 2013 puto.
522 1929 569 1990 Tu
593 1950 624 1991 es
649 1933 727 1991 enim
752 1935 796 2006 is,
816 1935 866 2012 qui
891 1952 943 1994 me

260 2014 317 2071 tuis
334 2012 478 2072 sententiis
494 2010 646 2090 saepissime
663 2010 787 2071 ornasti:
806 2015 855 2091 qui
872 2034 943 2073 ora-

260 2093 360 2166 tione,
374 2094 423 2172 qui
442 2092 662 2171 praedicatione,
677 2094 726 2171 qui
744 2090 859 2151 summis
876 2092 942 2153 lau-

260 2170 343 2230 dibus
364 2172 394 2229 in
417 2170 532 2244 senatu,
551 2173 580 2228 in
603 2172 791 2231 concionibus
813 2172 850 2230 acl
871 2192 941 2231 eoe-

260 2249 322 2308 lum
347 2250 466 2310 exmlisti
489 2271 497 2310 ε
524 2247 604 2327 cujus
633 2269 688 2333 ego
720 2248 834 2331 semper
859 2266 943 2313 tanta

260 2326 318 2388 esse
341 2330 498 2390 verborum
526 2329 667 2412 pondera,
683 2334 803 2410 putavi,
823 2346 857 2389 ut
879 2352 945 2399 nno

258 2410 353 2469 verbo
378 2426 430 2470 tuo
461 2432 528 2470 cum
556 2430 623 2469 mea
650 2410 736 2470 laude
761 2409 946 2487 conjuncto,

260 2492 358 2548 omnia
376 2490 482 2570 assequi
500 2509 551 2550 me
567 2489 726 2550 arbitrarer.
746 2489 794 2551 Te
811 2491 946 2573 denique

259 2571 401 2644 memini,
418 2592 505 2651 quum
527 2571 644 2629 cuidam
669 2571 823 2631 clarissimo
850 2568 946 2653 utque

259 2653 374 2730 optimo
389 2653 453 2712 viro
470 2650 708 2731 supplicationem
724 2670 784 2711 uon
800 2651 943 2712 decerne·

260 2750 326 2802 res,
344 2731 457 2805 dicere,
474 2749 503 2791 te
525 2731 723 2802 decreturum,
740 2734 763 2790 si
786 2729 947 2792 referretur

260 2811 300 2868 ob
319 2831 367 2871 eas
387 2831 450 2883 res,
468 2832 539 2890 quas
560 2812 583 2868 is
604 2810 700 2870 consul
722 2813 751 2870 in
772 2813 843 2871 urbe
868 2833 945 2893 ges-

259 2889 344 2949 sisset.
364 2888 412 2949 Tu
430 2891 508 2949 idem
529 2891 600 2948 mihi
622 2890 861 2970 supplicationem
883 2893 942 2953 de-

258 2969 371 3029 crevilli
392 2988 512 3071 togato,
526 2992 586 3030 non
608 2988 640 3030 ut
660 2971 777 3046 multis,
791 2972 945 3053 republiczl

257 3048 337 3110 bene
363 3049 463 3131 gesta,
484 3048 554 3122 sed,
577 3068 608 3110 ut
639 3054 771 3124 nemini,
791 3052 943 3133 republici

257 3129 435 3191 conservare.
457 3131 567 3204 Mitto,
582 3132 661 3214 quod
682 3132 818 3191 invidiam
831 3135 941 3272 ‚epubd

257 3213 384 3291 pericula
394 3256 407 3284 „
421 3212 501 3293 quod
526 3232 630 3272 omnes
651 3233 730 3271 meas
754 3229 834 3293 temp
878 3230 944 3275 ates

259 3291 294 3350 &
308 3292 441 3364 subieris,
457 3295 488 3352 &
506 3293 597 3352 multi>
617 3293 703 3351 etiam
720 3296 828 3374 magis,
844 3295 867 3351 si
886 3313 943 3375 per

257 3388 306 3431 me
330 3371 467 3446 licuisset,
489 3373 579 3433 subire
609 3375 798 3450 paratissimus
826 3371 944 3435 fueris:

258 3452 339 3530 quod
373 3453 497 3533 denique
530 3454 679 3510 inimicum
714 3471 834 3525 meum,
856 3470 942 3513 tuum

256 3531 406 3592 inimicum
425 3536 552 3612 putaris:
572 3528 652 3609 cujus
671 3534 757 3592 etiam
774 3533 945 3608 interitum,

255 3623 287 3666 ut
307 3610 390 3673 facile
412 3614 600 3696 intelligerem
611 3657 621 3685 ,
634 3612 704 3671 milri
727 3631 866 3693 quantum
885 3616 942 3672 tri-

256 3687 381 3766 bueres,
400 3691 518 3754 Milonis
546 3693 630 3754 causi
654 3695 683 3753 in
707 3690 803 3752 senam
829 3691 947 3753 defen·‘

254 3767 350 3829 dende
367 3774 548 3854 approbaris.
562 3772 593 3832 A
607 3790 769 3835 meantem
787 3773 850 3834 haec
871 3773 943 3840 sunt
