2409 5492
257 1241 333 1339 378
416 1194 802 1305 arrsrorrrvn

254 1374 323 1415 eum
333 1351 402 1413 mihi
411 1348 466 1411 elle
476 1347 615 1420 affixum,
631 1366 788 1431 tamquam
802 1350 921 1435 magistro.

257 1434 359 1513 Quim
382 1433 467 1491 'illum
492 1427 622 1510 epistolae
651 1429 715 1489 illae
746 1432 921 1493 deleslantatl

258 1516 344 1594 quim
365 1532 411 1572 me
431 1512 438 1570 Ε
457 1510 538 1571 Nihil
557 1529 653 1590 puero
675 1510 731 1570 illo
753 1512 923 1587 suavius,ri·

255 1594 296 1653 ltil
312 1589 399 1653 nostri
411 1595 561 1651 amantius.
574 1591 652 1651 Haec
672 1592 754 1653 inter
771 1616 878 1655 coenam
892 1592 924 1652 li

256 1674 322 1733 roni
340 1671 444 1732 dislavi
463 1692 473 1744 ;
495 1693 532 1733 ne
552 1674 662 1732 mirere
689 1674 749 1733 alii
776 1696 859 1735 manu
882 1670 924 1735 esls

259 1752 368 1815 Annali
380 1755 482 1813 litterae
493 1769 550 1813 tuae
562 1772 715 1835 pergrata
727 1753 857 1829 suerunt,
872 1752 926 1836 qu'ol

260 1834 295 1895 &
311 1855 422 1895 curares
436 1834 472 1894 de
488 1833 516 1894 se
529 1833 715 1914 diligenter,
727 1836 760 1895 δι
778 1854 869 1897 tamen
881 1854 927 1895 ton

259 1916 324 1975 silio
342 1915 520 1976 severissimo
539 1911 674 1990 juvares.
696 1913 732 1975 P.
752 1915 877 1977 Servilius
890 1936 928 1995 pa·

258 2012 324 2068 rer,
337 2016 374 2057 ex
392 1998 514 2068 litteris,
529 2015 601 2074 quas
619 1996 678 2054 sibi
694 2018 714 2055 a
731 1994 840 2058 Caesare
859 1992 928 2056 nisu

263 2073 320 2137 elle
335 2077 473 2148 dicebat,
492 2073 635 2156 significat
653 2076 754 2137 valde
781 2094 807 2138 te
821 2078 867 2138 sibi
877 2096 930 2157 gra·

264 2172 327 2216 tum
344 2154 458 2229 fecisse,
474 2154 555 2235 qubd
577 2154 617 2215 de
643 2153 699 2216 sua
718 2159 854 2219 voluntate
872 2174 930 2236 erga

265 2234 410 2313 Caesarem
439 2236 647 2295 humanissimi
678 2236 929 2321 diligerissimique

263 2316 377 2378 locutus
393 2315 474 2379 elles.
490 2314 596 2393 Quum
620 2314 762 2379 Romam
780 2341 814 2382 ex
826 2316 931 2399 Arpinati

262 2396 459 2469 revertissent,
479 2396 585 2456 dislum
612 2396 691 2457 mihi
716 2399 784 2475 est,
808 2398 931 2481 Hippola·

263 2500 346 2539 mum
369 2479 406 2539 ad
428 2495 457 2539 te
476 2475 642 2558 prosekium
670 2476 747 2542 esse.
763 2480 832 2542 Non
850 2476 930 2561 possun

262 2558 386 2621 scribere
402 2579 449 2620 me
461 2561 594 2619 miratum
620 2555 706 2632 effe,
727 2562 813 2621 illum
833 2581 883 2621 tarn
901 2561 930 2617 ir·

265 2639 429 2701 humaniter
446 2636 560 2712 secisse,
580 2656 614 2697 ut
633 2641 703 2699 sine
719 2644 797 2703 meis
815 2634 930 2701 litterisrl

265 2718 659 2878 lssstlsslf‘slli‘ffiilslll
670 2719 931 2886 illisam,

267 2901 304 2942 ex
323 2903 360 2943 eo
375 2884 457 2961 quod
474 2897 505 2939 tu
531 2881 567 2939 ad
588 2899 638 2939 me
664 2879 845 2962 scripseras,
862 2878 932 2953 ut,5i

268 2961 338 3041 quid
348 2961 416 3021 ellet
431 3007 439 3031 ,
455 2961 535 3040 quod
551 2961 587 3018 ad
607 2975 639 3019 te
652 2962 831 3044 diligenrilrs
847 2960 932 3043 perferri

266 3043 391 3115 vellem,
407 3043 447 3099 illi
461 3042 560 3099 darem
575 3061 583 3099 t
597 3041 680 3120 qubd
703 3046 873 3105 mehercule
885 3039 933 3101 hile

268 3121 385 3196 litteris,
396 3142 466 3201 quas
478 3121 568 3201 vulgi>
586 3121 623 3179 ad
643 3139 673 3182 te
692 3127 788 3187 mitto
802 3171 813 3200 ,
826 3125 887 3185 nihil
896 3120 934 3180 leri

268 3202 380 3277 scribo,
396 3202 476 3282 quod
494 3203 517 3260 si
538 3205 567 3259 in
584 3200 709 3280 alicujus
734 3227 841 3266 manus
855 3202 936 3264 incide·

266 3288 322 3355 rit,
340 3282 457 3344 molesti
477 3282 632 3344 serentium
659 3286 708 3340 sit.
739 3286 873 3347 Minucio
890 3302 936 3351 nt,

269 3365 304 3425 &
323 3365 438 3434 Salvio,
451 3364 482 3422 ὃ(
499 3363 627 3421 Labeoni
644 3362 847 3426 reservabam.
868 3366 938 3424 labet

269 3464 318 3505 aut
339 3446 418 3507 tardi
440 3442 655 3523 proficiscetur,
676 3460 730 3502 aut
759 3448 807 3506 hic
830 3445 938 3506 manebit

269 3526 474 3606 Hippodamus
494 3544 530 3582 ne
547 3544 623 3582 nunc
644 3525 797 3602 quidem,
817 3527 884 3609 quid
903 3542 941 3582 vt·

267 3606 338 3675 lim,
361 3609 484 3687 rogavit.
494 3603 533 3662 Τ.
555 3603 682 3662 Pinarius
696 3608 847 3668 amabiles
865 3607 897 3666 ad
910 3620 942 3662 nt

266 3685 304 3745 de
320 3706 349 3749 te
366 3690 471 3750 litteras
488 3686 575 3744 mittit
594 3728 604 3756 ‚
631 3681 659 3742 se
680 3689 817 3747 maximi
838 3688 945 3753 litteris,

269 3763 468 3843 sermonibus,
485 3767 575 3830 coenis
592 3764 722 3847 denique
745 3772 805 3831 tuis
823 3764 947 3833 deleturi.
