2409 5492
255 1240 309 1324 ’44
405 1228 777 1300 Eptsrozrnvnt

377 1369 559 1435 thetto
601 1371 749 1434 Otito
790 1371 822 1434 S.

256 1501 471 1555 Pttoncwtws
499 1506 524 1556 in
552 1503 688 1562 Granium,
714 1522 750 1555 res
770 1501 828 1571 suas
855 1503 937 1574 Oppio

292 1578 455 1634 commendat,
476 1578 658 1628 commemoraris
682 1576 736 1626 anti
761 1576 880 1646 beneficit}
907 1576 937 1627 ab

292 1645 343 1715 ipso
363 1651 473 1719 acceptis.
493 1654 566 1701 Anno
582 1649 617 1701 U.
634 1652 660 1700 C.
679 1667 736 1714 709·

261 1756 613 1902 29.Duntrnut·1
645 1823 714 1884 mihi
743 1821 860 1904 (quod
888 1822 940 1897 stit

257 1907 374 1964 Atticus
390 1903 510 1984 noller)
530 1905 566 1964 de
586 1906 642 1963 hoc
657 1921 722 1964 toto
738 1904 855 1962 consilio
871 1924 940 1982 pru·

256 1981 417 2056 fedionis,
448 1984 528 2064 qubd
550 1986 579 2042 in
603 2002 754 2064 utramque
776 2001 888 2063 partem
907 1985 938 2043 in

258 2081 389 2122 mentem
411 2065 499 2122 multa
517 2063 692 2136 veniebant,
707 2083 845 2142 magnum
862 2083 940 2143 pon-

258 2142 312 2201 dus
333 2145 452 2203 accessit
475 2143 512 2202 ad
537 2143 697 2202 tollendam
724 2143 936 2215 dubitationem

258 2219 398 2302 judicium
431 2223 463 2283 &
496 2223 647 2282 consilium
675 2241 765 2283 tuum.
799 2221 876 2282 Nam
906 2223 940 2283 &

258 2300 389 2380 scripsisti
411 2305 529 2382 aperte,
550 2303 621 2383 quid
644 2303 696 2363 tibi
719 2303 887 2376 videretur,
908 2302 940 2363 &

259 2381 374 2442 Atticus
395 2382 434 2441 ad
457 2404 504 2443 me
527 2382 689 2443 sermonem
710 2401 791 2443 mum
813 2383 941 2462 pertulit.

257 2461 380 2543 Semper
394 2460 519 2539 judicavi
533 2467 562 2521 in
576 2480 606 2523 te
622 2464 652 2521 &
668 2465 698 2522 in
713 2463 855 2542 capiendo
870 2485 941 2523 con·

263 2544 328 2602 silio
358 2544 538 2623 prudentiam
567 2541 707 2602 summam
739 2543 824 2616 elle,
852 2543 882 2602 &
910 2547 940 2604 in

261 2623 359 2683 dando
378 2621 487 2697 lidem3
506 2624 689 2702 maximeque
707 2621 768 2682 sum
787 2641 940 2701 expertus,

262 2723 348 2782 quum
375 2704 455 2763 initio
482 2705 572 2764 civilis
601 2704 670 2763 belli
699 2723 751 2781 per
777 2703 881 2762 litteras
909 2720 939 2764 te

262 2781 486 2854 consuluissem,
516 2782 585 2861 quid
608 2784 678 2842 mihi
698 2780 863 2843 faciendum
884 2781 941 2844 elle

254 2860 391 2928 ¹censeres
404 2905 417 2932 ,
439 2861 603 2921 eundumne
624 2862 660 2920 ad
684 2859 880 2942 Pompeium,
905 2883 941 2922 an

262 2940 439 2999 manendum
460 2942 491 3000 in
510 2939 602 3000 Italia.
628 2940 764 3015 Suasilli,
788 2960 820 3001 ut
840 2940 942 3017 consu·

260 3019 351 3080 larem
368 3018 497 3100 dignitati
522 3040 614 3082 meae:
638 3041 674 3081 ex
695 3043 781 3101 quo,
799 3022 869 3102 quid
881 3021 944 3083 sen·

262 3101 354 3173 mes,
375 3100 523 3172 intellexi3
544 3100 575 3162 δι
598 3099 658 3162 sum
679 3103 831 3162 admiratus
851 3100 941 3163 fidem

264 3188 363 3252 tuam,
383 3180 463 3240 &in
484 3181 605 3241 consilio
626 3181 732 3245 dando..
746 3183 914 3263 religionem
929 3203 941 3255 3

263 3261 371 3338 qued,
401 3281 489 3340 quum
519 3261 595 3321 aliud
623 3261 709 3321 malle
739 3264 942 3321 amicissimum

258 3358 345 3417 ‚tuum
377 3359 523 3420 putares,
558 3342 699 3419 antiquius
733 3341 784 3401 tibi
815 3339 942 3400 officium

263 3439 389 3491 meum,
414 3419 501 3498 quim
524 3419 597 3500 illius
617 3421 750 3482 voluntas
773 3420 835 3481 fuit.
853 3419 943 3501 Equi·

265 3499 334 3558 dem
355 3502 387 3558 δι
407 3515 474 3559 ante
497 3498 553 3557 hoc
574 3516 689 3578 tempus
715 3518 743 3560 re
771 3501 885 3573 dilexi,
910 3501 943 3560 δι

264 3577 378 3639 semer
401 3600 449 3639 me
476 3596 540 3638 ate
568 3579 647 3661 diligi
668 3580 767 3652 sensi;
797 3582 828 3639 &
874 3601 942 3640 uum

265 3601 406 3732 abelem,
424 3678 509 3739 atque
522 3661 551 3718 in
564 3662 676 3741 magnis
692 3662 823 3740 periculis
839 3680 855 3719 e
879 3682 946 3736 em,

267 3737 300 3798 &
320 3757 368 3801 me
388 3739 535 3802 absentem
551 3739 583 3800 δι
600 3760 682 3802 meos
700 3739 852 3821 praesentes
873 3762 890 3802 a
911 3759 943 3804 te
