2409 5492
248 1231 330 1301 412
438 1205 741 1277 anstatrc

250 1326 376 1406 quoniam
396 1324 475 1383 riobis
489 1323 648 1402 permittis,
673 1313 947 1383 communiter'cortss

243 1410 383 1489 stituemus
402 1407 435 1462 tle
456 1405 542 1461 reditu
563 1400 622 1480 ejus
641 1403 877 1480 adpetitionem,
890 1421 946 1465 aut¹

250 1489 291 1545 ad
305 1486 558 1545 commendationem
573 1483 692 1541 honoris.
706 1482 768 1541 Tibi
783 1483 918 1561 Glycona
927 1528 940 1555 ‚

250 1569 379 1625 medicum
409 1563 508 1641 Pansa
530 1607 542 1633 ,
576 1565 624 1641 qui
644 1561 763 1640 fitrorem
792 1565 939 1624 Achilleos

249 1648 329 1725 nostri
349 1648 378 1704 in
397 1645 569 1703 matrimonio
592 1642 702 1712 habet,
729 1644 939 1724 diligentissimi

250 1728 414 1785 commendo.
438 1726 577 1787 Audimus
599 1743 658 1781 eum
679 1721 779 1799 rentffe
800 1726 831 1783 in
841 1724 942 1805 fitspi··¹

249 1808 354 1866 cionem
361 1809 512 1885 :Jorquato
531 1806 565 1862 de
585 1819 666 1862 morte
689 1804 792 1879 Pansa
812 1849 822 1877 ‚
850 1809 938 1885 custo·

249 1888 364 1967 dirique·
375 1905 405 1946 ut
419 1886 597 1965 parricidam.
616 1884 701 1943 Nihil
713 1884 938 1955 mincisfcreden-

251 1970 317 2028 lum
337 1969 373 2048 ish
390 1968 485 2044 :quis
508 1966 578 2024 enim
598 1961 727 2043 majorem
752 1966 938 2026 calamitatem

250 2066 333 2108 morte
347 2046 461 2123 Pansa
483 2038 628 2125 accepit?
649 2046 787 2104 Praeterea
816 2046 850 2126 ιβ
873 2067 937 2105 mo-

251 2131 338 2207 destus
354 2128 432 2185 hamo
452 2126 479 2184 u
492 2124 570 2205 flagi
579 2151 588 2182 .·
602 2145 679 2203 quem
698 2146 733 2183 ne
749 2127 858 2185 utilitas
874 2127 940 2203 qui·

251 2210 311 2267 cem
334 2208 461 2266 rideatur
484 2206 636 2284 impulsura
652 2202 735 2283 fittffe
756 2207 797 2263 ae'l
810 2203 935 2284 facinus.

252 2291 330 2367 Rogo
343 2305 389 2358 ιι,
402 2287 548 2364 (equidem
560 2287 644 2344 valde
656 2307 720 2365 rogo
735 2284 821 2367 (nam
836 2287 939 2348 Achil-

252 2368 312 2428 leus
337 2368 421 2447 noller
442 2389 496 2426 non
521 2366 635 2437 mincis,
653 2367 733 2445 quim
756 2369 792 2446 est
812 2388 939 2447 equum,

253 2448 385 2530 laborat)
407 2448 508 2528 eripias
521 2451 585 2507 euiu
605 2467 640 2506 ex
662 2448 783 2525 custodia
795 2491 808 2518 ,
830 2448 939 2528 conser-

254 2528 360 2609 resque.
377 2530 439 2588 Hoc
457 2550 504 2610 ego
519 2530 559 2587 ad
577 2549 662 2587 meum
678 2527 796 2607 officium
810 2530 941 2607 privata-

255 2631 316 2670 rum
332 2630 419 2668 rcrum
440 2610 533 2688 aqui,
554 2627 635 2687 atque
655 2609 742 2667 ullam
761 2609 848 2667 aliam
869 2631 939 2683 rem,

252 2692 385 2772 pertinere
407 2691 533 2750 arbitror.
559 2695 652 2771 Quum
668 2690 720 2747 has
739 2691 779 2747 ad
796 2707 823 2750 te
835 2690 940 2768 seribe-

255 2793 310 2830 rem
327 2771 456 2840 litteras,
475 2771 510 2830 ab
532 2774 626 2831 Satrio
648 2770 737 2851 legato
761 2772 794 2830 C.
814 2772 940 2832 Trebonii

258 2853 364 2909 reddita
386 2854 420 2930 ιβ
436 2852 503 2910 mihi
521 2852 632 2932 epistola
654 2874 672 2907 a
692 2850 777 2909 Tillio
801 2852 830 2910 δ’
852 2850 940 2930 Dejo·

256 2948 336 3001 tato,
355 2930 537 2989 Dolabellam
550 2931 664 3008 castam,
679 2929 860 3010 fitgatumque
881 2931 940 3011 effi.

258 3012 382 3070 Graecam
403 3011 538 3089 epistolam
554 3013 605 3070 tibi
625 3011 687 3069 misi
706 3012 837 3089 Cytherei
849 3013 940 3093 cujus-

257 3092 341 3159 dam,
359 3092 398 3147 ad
413 3092 532 3149 Satrium
548 3089 661 3167 miffitm.
676 3093 797 3151 Flauius
810 3095 892 3173 noster
906 3097 939 3151 de

258 3174 460 3242 controuersia,
478 3192 558 3250 quam
570 3172 651 3231 habet
665 3192 724 3231 cum
736 3175 939 3251 Dyrrhachinis

257 3253 467 3323 hereditariam,
482 3252 600 3332 [tempsit
615 3271 640 3311 te
650 3251 796 3331 judicem:
818 3277 881 3336 rogo
896 3274 921 3315 te
928 3299 941 3328 ,

259 3335 376 3402 Cicero,
399 3334 426 3392 g,
449 3330 567 3392 Flavius
591 3352 691 3415 rogat,
713 3354 766 3390 rem
790 3338 942 3414 conficias:

259 3415 325 3493 quin
346 3415 395 3484 ei,
418 3414 465 3491 qui
483 3414 612 3473 Flavium
626 3412 696 3492 fecit
715 3416 865 3486 heredem,
889 3439 943 3496 pe·

259 3496 368 3553 cuniam
391 3493 509 3553 debuerit
528 3496 652 3567 civitas,
670 3516 725 3553 nort
747 3498 783 3572 est
801 3498 944 3568 dubium,·

258 3597 341 3653 neque
359 3576 547 3653 Dyrrhachini
562 3577 718 3653 infitiantur
725 3596 740 3645 ;
750 3574 805 3651 sed
820 3580 876 3637 sibi
895 3580 946 3637 do·

258 3674 351 3714 natum
373 3676 410 3716 as
428 3656 547 3715 alienum
570 3678 589 3714 a
615 3653 717 3735 Castore
738 3657 845 3717 dicunt.
872 3657 946 3719 Noli

253 3738 318 3811 pati
337 3758 355 3794 a
374 3737 525 3817 neteffariis
548 3740 604 3797 tuis
623 3734 768 3816 neceffario
788 3759 847 3800 meo
867 3736 947 3820 injus
