2409 5492
163 1048 170 1263 l

299 1277 362 1328 an
382 1258 427 1351 Q.
444 1259 642 1328 Faunum
659 1260 747 1330 [ιε.
763 1263 794 1335 I.
818 1284 888 1358 3¹1

209 1371 304 1436 nostra
332 1375 408 1433 ratio
432 1372 501 1448 est,
529 1392 560 1435 ut
585 1394 688 1435 omnes
710 1376 780 1435 boni
806 1397 895 1457 quum

212 1456 356 1527 faveant,
376 1472 440 1514 rum
457 1458 545 1515 etiam
569 1474 586 1513 a
606 1456 689 1515 nobis
709 1475 829 1515 omnem
845 1458 896 1517 di-

208 1536 361 1617 ligentiam
380 1578 390 1607 ‚
408 1536 602 1615 virmtemque
621 1536 653 1595 dt
671 1535 840 1615 postulent,
863 1538 896 1598 δι

208 1612 396 1696 οιῖρεᾶεηῐε
416 1635 518 1676 omnes
535 1633 632 1675 autem
647 1618 773 1696 improbi
790 1616 895 1698 (qubd

164 1722 166 1755 ι
210 1717 276 1757 cum
290 1698 326 1755 iit
345 1694 455 1754 bellum
475 1694 647 1776 suscepimus
666 1695 892 1780 sempiternum)

164 1762 167 1831 l
210 1777 260 1837 vel
281 1774 406 1835 minimi
427 1795 457 1836 re
478 1777 515 1834 ad
534 1775 806 1856 reprehendendum
824 1799 897 1839 con·

163 1844 167 1929 Ῐ
211 1858 286 1918 tenti
319 1853 377 1915 else
407 1856 570 1916 videantur.
599 1854 732 1934 Quare,
758 1859 897 1938 quoniam

164 2008 165 2013 ἵ
211 1935 358 2017 ejusmodi
380 1935 522 1996 theatrum
547 1938 602 1996 tuis
618 1936 769 1998 virtutibus
785 1936 826 1998 est
844 1938 899 1998 da-

164 2030 166 2097 }
212 2034 299 2091 tum,
320 2015 484 2077 celebritate
501 2015 737 2092 refertissimum,
755 2021 898 2101 magnitu-

214 2098 281 2158 dine
297 2095 527 2177 amplissimum‚
540 2095 646 2175 judicio
660 2101 898 2174 eruditissimum,

213 2178 319 2239 natura
335 2194 432 2236 autem
451 2180 491 2236 ira
506 2176 662 2252 resonans,
683 2197 714 2238 ur
730 2178 816 2260 usque
834 2182 898 2240 rio-

213 2279 294 2319 mam
319 2255 544 2339 significationes
567 2302 577 2331 ‚
603 2257 747 2339 vocesque
768 2260 898 2320 referan-

214 2349 283 2414 tur;
302 2338 477 2412 contende,
501 2337 596 2419 quaeso
616 2384 625 2412 ‚
647 2357 731 2419 arque
752 2340 898 2415 elabora,

214 2440 276 2480 non
302 2417 397 2477 modb
421 2437 453 2478 ut
478 2419 521 2478 his
551 2419 635 2479 rebus
665 2420 766 2501 dignus
791 2419 898 2493 mille,

216 2499 374 2561 sedetiam
394 2514 426 2557 ut
443 2498 490 2557 illa
510 2499 606 2558 omnia
626 2501 680 2560 tuis
696 2500 801 2559 artibus
817 2499 901 2579 supe·

216 2577 288 2641 ruffe
307 2578 438 2639 videare.

258 2656 337 2721 XV.
358 2656 396 2717 Et
415 2660 550 2738 quoniam
570 2657 642 2717 mihi
664 2656 742 2716 casus
764 2657 901 2717 urbanam

219 2744 248 2800 in
269 2737 480 2822 magistratibus
504 2737 777 2798 administrationem
800 2739 905 2819 reipu-,

220 2821 324 2895 blicae,
344 2819 396 2878 tibi
422 2819 630 2899 provincialem
655 2815 735 2878 dedit
757 2839 766 2890 3
792 2821 815 2878 si
837 2839 903 2880 mea

221 2922 286 2983 pars
314 2901 426 2960 nemini
453 2899 552 2972 cedit,
572 2899 638 2973 fac,
656 2917 687 2960 ut
714 2917 762 2959 tua
788 2918 901 2963 ceteros
936 2927 939 2933 ·

221 2984 331 3045 vincat.
347 2979 438 3040 Simul
455 2979 571 3039 &illud
590 2981 703 3061 cogita,
715 3002 769 3040 nos
787 3002 846 3040 non
864 2981 901 3042 de

223 3062 354 3143 reliqua,
374 3060 406 3119 &
427 3059 536 3138 sperata
557 3061 648 3141 gloria
672 3057 730 3138 jam
752 3060 902 3134 laborare,

223 3142 273 3203 sed
290 3142 330 3202 de
349 3158 430 3220 parta
448 3141 605 3200 dimicare:
623 3160 685 3219 quae
706 3141 824 3220 quidem
841 3161 903 3203 non

224 3238 284 3283 tarn
305 3219 473 3300 expetenda
495 3221 579 3279 nobis
600 3218 673 3292 fuit,
690 3219 776 3299 quim
797 3219 904 3280 tuenda

164 3352 169 3371 .
225 3302 276 3364 est.
306 3301 354 3362 Ac
380 3303 405 3360 ai
431 3298 500 3358 mihi
527 3300 683 3380 quidquam
708 3296 777 3358 ellet
801 3298 850 3357 abs
874 3316 905 3360 te

163 3411 172 3449 :-
227 3382 406 3464 separatum
418 3379 486 3438 nihil
501 3381 622 3458 amplius
640 3379 833 3440 desiderarem
847 3379 906 3438 hoc

163 3490 176 3529 r
228 3461 317 3537 statu,
328 3462 380 3543 qui
395 3460 464 3519 mihi
481 3456 538 3535 jam
553 3478 649 3540 partus
665 3458 705 3519 est
719 3479 727 3517 ι
743 3479 819 3518 nunc
833 3459 907 3519 verb

170 3550 180 3607 i
229 3562 272 3604 res
287 3545 329 3603 sic
345 3540 403 3602 sele
419 3540 521 3613 habet,
531 3558 579 3613 ut,
590 3541 756 3600 nisi‘omnia
771 3554 820 3596 tua
835 3537 908 3597 falla

163 3647 188 3693 al
230 3640 312 3704 atque
338 3620 414 3682 dieta
442 3618 540 3679 nostris
567 3620 652 3679 rebus
678 3617 758 3678 istinc
785 3616 909 3697 respon·

231 3705 334 3779 deant,
347 3722 405 3785 ego
424 3718 471 3760 me
488 3700 559 3759 meis
577 3703 662 3759 rantis
678 3696 822 3759 laboribus
842 3715 910 3758 tan·

163 3787 200 3856 ,b
231 3783 317 3866 risque
338 3781 629 3865 periculis,quorum
647 3795 679 3841 tu
696 3781 826 3842 omnium
845 3799 912 3864 par·⁴
