2409 5492
317 1250 396 1355 369
469 1247 847 1317 Errsrottnvm

319 1364 444 1438 scribis,
473 1362 552 1444 quod
579 1363 667 1420 etiam
695 1361 719 1418 si
749 1379 808 1418 non
833 1355 1002 1429 scriberes,·

319 1445 413 1505 facere
435 1462 463 1504 te
490 1439 708 1522 diligentissime
732 1455 829 1498 tamen
851 1437 1000 1513 sciebam,

320 1524 429 1595 facies,
449 1522 554 1582 scilicet
575 1537 607 1579 ut
626 1538 693 1578 mea
716 1518 851 1579 mandata
867 1518 1004 1601 digeras,·

320 1604 514 1684 persequare,
532 1597 678 1661 conficias.
694 1597 759 1680 Ego
774 1619 863 1679 quum
878 1598 1004 1658 Romam

321 1704 465 1754 venero,
498 1682 609 1741 nullum
639 1683 857 1759 praetermittam
887 1677 1004 1738 Caesaris

320 1763 502 1824 tabellarium
520 1808 529 1835 ,
553 1764 598 1821 cui
614 1759 721 1819 litteras
742 1758 779 1817 ad
796 1778 825 1820 te
852 1780 913 1818 non
929 1760 1005 1819 dem.
1023 1832 1026 1837 Ι

323 1843 379 1904 His
405 1842 505 1903 diebus
535 1838 726 1922 (ignosces)
753 1842 800 1899 cui
824 1839 925 1900 darem
955 1836 1007 1899 fnit

324 1943 413 1983 nemo
432 1942 497 1984 ante
513 1923 588 1981 hunc
605 1921 648 1980 M.
666 1918 781 1979 Orfium
800 1940 816 1980 e
839 1922 930 1981 uitem
947 1918 1006 1977 Ro·

325 2024 468 2075 manum,
488 2001 614 2062 nostrum
635 2001 667 2060 &
690 1942 952 2080 pemeceffarium,
975 2000 1006 2057 &

348 2084 405 2142 uod
427 2081 467 2141 est
492 2103 528 2143 ex
550 2084 709 2153 municipio
731 2080 894 2153 Atellano,
925 2079 1006 2157 quod

326 2105 378 2223 icis
400 2160 456 2222 effe
481 2164 511 2220 in
536 2160 593 2221 fide
618 2159 721 2220 nostra.
748 2159 790 2219 Ira
811 2178 845 2218 ue
866 2177 934 2218 eum
952 2159 1005 2217 tibi

327 2241 504 2301 commendo
525 2240 667 2317 majorem
689 2245 720 2300 in
741 2181 884 2310 moium,
906 2238 1007 2297 homi-

327 2342 396 2382 nem
418 2322 497 2381 domi
519 2322 700 2402 splendidum
719 2367 729 2395 ‚
748 2374 767 2402 0
810 2322 816 2333 “
951 2320 958 2333 ’

327 2420 408 2465 extra
426 2403 563 2462 domum:
589 2423 677 2483 quem
696 2400 741 2461 fac
764 2420 797 2460 ut
817 2402 867 2461 tui
885 2398 1009 2459 liberali-

329 2499 389 2543 tate
410 2485 463 2542 tibi
482 2484 612 2564 obliges:
631 2481 671 2542 est
690 2483 820 2541 tribunus
842 2481 967 2539 militum
980 2482 1007 2538 in

269 2624 272 2629 .
330 2566 458 2624 exercitu
479 2562 591 2625 vestro:
612 2581 723 2644 gratum
742 2563 895 2622 hominem
913 2558 1009 2620 obser·

329 2663 505 2725 vantemque
519 2646 684 2725 cognosces.
698 2641 871 2704 Trebatium
883 2660 915 2702 ut
925 2639 1007 2709 ¹valde

331 2745 435 2797 ames,
454 2726 644 2786 vehementer
662 2743 690 2783 te
711 2744 796 2805 rogo.
816 2722 905 2784 Vale.

401 2853 579 2914 Mancvs
622 2852 665 2931 Q.
707 2852 867 2912 Firmi
908 2849 938 2913 S.
1033 2852 1035 2855 ’

331 2987 461 3034 CAEtARts
480 2986 504 3033 in
521 2983 548 3050 se
566 3004 666 3035 amorem
685 2987 707 3035 δ’
725 2985 895 3035 liberalitatem
913 3001 1007 3034 commt-

364 3071 463 3112 morat,
484 3055 583 3122 &fuum
599 3078 653 3125 erga
672 3078 719 3108 tum
733 3060 834 3120 studium
851 3059 1005 3125 pollicetur:

289 3142 291 3147 '
366 3129 488 3178 consilium
503 3128 588 3195 suum,
608 3133 683 3180 utrim
702 3133 800 3180 Romam
817 3134 918 3187 redeat,
940 3130 1007 3179 ania

368 3200 453 3251 Gallia
472 3219 585 3261 maneat,
607 3205 630 3252 fr
649 3208 676 3254 de
698 3204 808 3263 ambitu,
836 3205 914 3270 quiin
931 3199 1008 3268 confrr-

367 3276 418 3324 latu
426 3278 528 3342 petendo
540 3277 635 3339 exsistat
643 3312 651 3333 ‚
660 3275 793 3344 perscribit.
807 3279 856 3330 An.
871 3275 904 3327 U.
915 3282 942 3329 C.
953 3282 1007 3338 699·

335 3450 381 3513 ¹5·
397 3428 542 3492 I‘ixrrrn
572 3434 649 3495 diem
676 3454 723 3496 tv.
749 3435 830 3495 Non.
859 3436 929 3496 Jun.
953 3457 1008 3517 quo

331 3513 379 3573 die
406 3511 532 3573 Romam
560 3519 658 3587 veni,
687 3519 785 3595 accepi
814 3533 878 3577 tuas
906 3518 1009 3577 litteras

331 3592 412 3652 datas
430 3591 598 3654 Placentiae:
615 3597 718 3656 deinde
735 3598 838 3656 alteras
856 3596 1011 3676 postridie,

331 3674 410 3733 datas
435 3674 531 3736 Laude
552 3676 665 3749 Nonis,
687 3699 750 3736 curn
772 3675 894 3738 Caesaris
915 3680 1014 3739 litteris

331 3753 443 3818 refertis
465 3759 547 3822 omni
568 3755 665 3823 officio
683 3802 694 3834 ‚
719 3758 896 3840 diligentii,
919 3758 1015 3819 suari-

270 3855 274 3864 '
619 3854 622 3859 ¹
949 3857 1018 3903 tate·
