<?xml version="1.0" encoding="UTF-8"?>
<!DOCTYPE html PUBLIC "-//W3C//DTD XHTML 1.0 Transitional//EN"
    "http://www.w3.org/TR/xhtml1/DTD/xhtml1-transitional.dtd">
<html xmlns="http://www.w3.org/1999/xhtml" xml:lang="en" lang="en">
 <head>
  <title>
</title>
<meta http-equiv="Content-Type" content="text/html;charset=utf-8" />
  <meta name='ocr-system' content='tesseract 3.04.00' />
  <meta name='ocr-capabilities' content='ocr_page ocr_carea ocr_par ocr_line ocrx_word'/>
</head>
<body>
  <div class='ocr_page' id='page_1' title='image "./mtulliiciceroni09lallgoog/mtulliiciceroni09lallgoog_0435.png"; bbox 0 0 2409 5492; ppageno 0'>
   <div class='ocr_carea' id='block_1_1' title="bbox 379 1110 901 1208">
    <p class='ocr_par' dir='ltr' id='par_1_1' title="bbox 379 1110 901 1208">
     <span class='ocr_line' id='line_1_1' title="bbox 379 1110 901 1208; baseline 0 -30"><span class='ocrx_word' id='word_1_1' title='bbox 379 1110 742 1181; x_wconf 69' lang='lat' dir='ltr'><em>AD&#39;Bn‘vrrrrn.</em></span> <span class='ocrx_word' id='word_1_2' title='bbox 822 1130 901 1208; x_wconf 78' lang='lat'><em>437</em></span> 
     </span>
    </p>
   </div>
   <div class='ocr_carea' id='block_1_2' title="bbox 210 1218 907 3632">
    <p class='ocr_par' dir='ltr' id='par_1_2' title="bbox 210 1218 907 3632">
     <span class='ocr_line' id='line_1_2' title="bbox 217 1218 902 1308; baseline 0.004 -22"><span class='ocrx_word' id='word_1_3' title='bbox 217 1224 270 1286; x_wconf 75' lang='lat' dir='ltr'><em>not</em></span> <span class='ocrx_word' id='word_1_4' title='bbox 284 1223 387 1306; x_wconf 65' lang='lat' dir='ltr'><em>finitos</em></span> <span class='ocrx_word' id='word_1_5' title='bbox 404 1218 468 1305; x_wconf 66' lang='lat' dir='ltr'><em>ff.</em></span> <span class='ocrx_word' id='word_1_6' title='bbox 487 1223 616 1287; x_wconf 75' lang='lat' dir='ltr'><em>Viderunt</em></span> <span class='ocrx_word' id='word_1_7' title='bbox 640 1247 701 1308; x_wconf 77' lang='lat' dir='ltr'><em>ergo</em></span> <span class='ocrx_word' id='word_1_8' title='bbox 719 1226 771 1286; x_wconf 86' lang='lat' dir='ltr'><em>tibi</em></span> <span class='ocrx_word' id='word_1_9' title='bbox 781 1228 902 1307; x_wconf 76' lang='lat' dir='ltr'><em>seriorem</em></span> 
     </span>
     <span class='ocr_line' id='line_1_3' title="bbox 217 1308 901 1388; baseline 0.003 -22"><span class='ocrx_word' id='word_1_10' title='bbox 217 1309 375 1387; x_wconf 75' lang='lat' dir='ltr'><em>accepturi,</em></span> <span class='ocrx_word' id='word_1_11' title='bbox 392 1328 471 1384; x_wconf 83' lang='lat' dir='ltr'><em>quum</em></span> <span class='ocrx_word' id='word_1_12' title='bbox 486 1308 571 1365; x_wconf 76' lang='lat' dir='ltr'><em>vitam</em></span> <span class='ocrx_word' id='word_1_13' title='bbox 584 1309 787 1388; x_wconf 79' lang='lat' dir='ltr'><em>acceperimus?</em></span> <span class='ocrx_word' id='word_1_14' title='bbox 799 1330 901 1387; x_wconf 82' lang='lat' dir='ltr'><em>quam,</em></span> 
     </span>
     <span class='ocr_line' id='line_1_4' title="bbox 217 1387 902 1467; baseline 0.003 -22"><span class='ocrx_word' id='word_1_15' title='bbox 217 1389 246 1445; x_wconf 82' lang='lat' dir='ltr'><em>sr’</em></span> <span class='ocrx_word' id='word_1_16' title='bbox 251 1387 332 1467; x_wconf 77' lang='lat' dir='ltr'><em>priris</em></span> <span class='ocrx_word' id='word_1_17' title='bbox 344 1389 507 1448; x_wconf 76' lang='lat' dir='ltr'><em>dimittimus</em></span> <span class='ocrx_word' id='word_1_18' title='bbox 522 1389 678 1467; x_wconf 80' lang='lat' dir='ltr'><em>dignitatern</em></span> <span class='ocrx_word' id='word_1_19' title='bbox 694 1389 880 1448; x_wconf 68' lang='lat' dir='ltr'><em>&amp;libertatern</em></span> <span class='ocrx_word' id='word_1_20' title='bbox 890 1434 902 1462; x_wconf 90' lang='lat'>,</span> 
     </span>
     <span class='ocr_line' id='line_1_5' title="bbox 237 1465 902 1547; baseline 0.006 -22"><span class='ocrx_word' id='word_1_21' title='bbox 237 1468 269 1525; x_wconf 83' lang='lat' dir='ltr'><em>tsi</em></span> <span class='ocrx_word' id='word_1_22' title='bbox 278 1465 415 1547; x_wconf 86' lang='lat' dir='ltr'><em>poffitmus</em></span> <span class='ocrx_word' id='word_1_23' title='bbox 428 1471 549 1546; x_wconf 88' lang='lat' dir='ltr'><em>accipere</em></span> <span class='ocrx_word' id='word_1_24' title='bbox 566 1469 583 1526; x_wconf 66' lang='grc' dir='ltr'><strong><em>ἲ</em></strong></span> <span class='ocrx_word' id='word_1_25' title='bbox 606 1471 655 1525; x_wconf 85' lang='grc' dir='ltr'><em>Αιι</em></span> <span class='ocrx_word' id='word_1_26' title='bbox 670 1486 721 1539; x_wconf 84' lang='grc' dir='ltr'><em>ιιι,</em></span> <span class='ocrx_word' id='word_1_27' title='bbox 739 1473 831 1529; x_wconf 86' lang='lat' dir='ltr'><em>Roma</em></span> <span class='ocrx_word' id='word_1_28' title='bbox 844 1472 902 1529; x_wconf 79' lang='lat' dir='ltr'><em>ta-</em></span> 
     </span>
     <span class='ocr_line' id='line_1_6' title="bbox 236 1546 902 1628; baseline 0.009 -24"><span class='ocrx_word' id='word_1_29' title='bbox 236 1549 327 1619; x_wconf 74' lang='lat' dir='ltr'><em>itare,</em></span> <span class='ocrx_word' id='word_1_30' title='bbox 345 1550 378 1606; x_wconf 93' lang='lat' dir='ltr'><em>id</em></span> <span class='ocrx_word' id='word_1_31' title='bbox 393 1565 480 1628; x_wconf 87' lang='lat' dir='ltr'><em>putas</em></span> <span class='ocrx_word' id='word_1_32' title='bbox 495 1548 654 1607; x_wconf 87' lang='lat' dir='ltr'><em>incolumem</em></span> <span class='ocrx_word' id='word_1_33' title='bbox 671 1546 719 1624; x_wconf 81' lang='lat' dir='ltr'><em>effe</em></span> <span class='ocrx_word' id='word_1_34' title='bbox 736 1552 753 1606; x_wconf 90' lang='lat'><em>?</em></span> <span class='ocrx_word' id='word_1_35' title='bbox 768 1572 828 1620; x_wconf 89' lang='lat' dir='ltr'><em>res,</em></span> <span class='ocrx_word' id='word_1_36' title='bbox 846 1570 902 1610; x_wconf 82' lang='lat' dir='ltr'><em>non</em></span> 
     </span>
     <span class='ocr_line' id='line_1_7' title="bbox 218 1626 903 1708; baseline 0.003 -21"><span class='ocrx_word' id='word_1_37' title='bbox 218 1626 315 1697; x_wconf 74' lang='lat' dir='ltr'><em>lotus,</em></span> <span class='ocrx_word' id='word_1_38' title='bbox 335 1646 439 1708; x_wconf 81' lang='lat' dir='ltr'><em>oportet</em></span> <span class='ocrx_word' id='word_1_39' title='bbox 451 1631 553 1708; x_wconf 70' lang='lat' dir='ltr'><em>prasiet</em></span> <span class='ocrx_word' id='word_1_40' title='bbox 569 1628 634 1707; x_wconf 76' lang='lat' dir='ltr'><em>illut·</em></span> <span class='ocrx_word' id='word_1_41' title='bbox 651 1630 717 1686; x_wconf 82' lang='lat' dir='ltr'><em>milti</em></span> <span class='ocrx_word' id='word_1_42' title='bbox 733 1650 742 1686; x_wconf 87' lang='lat'><em>.·</em></span> <span class='ocrx_word' id='word_1_43' title='bbox 757 1651 841 1708; x_wconf 85' lang='lat' dir='ltr'><em>neque</em></span> <span class='ocrx_word' id='word_1_44' title='bbox 854 1633 903 1689; x_wconf 87' lang='lat' dir='ltr'><em>irt-</em></span> 
     </span>
     <span class='ocr_line' id='line_1_8' title="bbox 216 1705 900 1788; baseline -0.007 -17"><span class='ocrx_word' id='word_1_45' title='bbox 216 1708 334 1771; x_wconf 79' lang='lat' dir='ltr'><em>colttmis</em></span> <span class='ocrx_word' id='word_1_46' title='bbox 345 1705 393 1786; x_wconf 79' lang='lat' dir='ltr'><em>fiti</em></span> <span class='ocrx_word' id='word_1_47' title='bbox 412 1709 514 1787; x_wconf 70' lang='lat' dir='ltr'><em>casare</em></span> <span class='ocrx_word' id='word_1_48' title='bbox 533 1711 598 1767; x_wconf 83' lang='lat' dir='ltr'><em>vivo</em></span> <span class='ocrx_word' id='word_1_49' title='bbox 619 1750 630 1777; x_wconf 89' lang='lat'>,</span> <span class='ocrx_word' id='word_1_50' title='bbox 656 1710 713 1766; x_wconf 89' lang='lat' dir='ltr'><em>nisi</em></span> <span class='ocrx_word' id='word_1_51' title='bbox 750 1709 900 1788; x_wconf 79' lang='lat' dir='ltr'><em>ofleaqnam</em></span> 
     </span>
     <span class='ocr_line' id='line_1_9' title="bbox 217 1731 907 1869; baseline 0 -22"><span class='ocrx_word' id='word_1_52' title='bbox 217 1788 427 1866; x_wconf 76' lang='lat' dir='ltr'><em>illud&#39;conscioi</em></span> <span class='ocrx_word' id='word_1_53' title='bbox 442 1786 582 1867; x_wconf 76' lang='lat' dir='ltr'><em>fiscinus3</em></span> <span class='ocrx_word' id='word_1_54' title='bbox 600 1810 686 1866; x_wconf 84' lang='lat' dir='ltr'><em>neque</em></span> <span class='ocrx_word' id='word_1_55' title='bbox 699 1731 809 1867; x_wconf 45' lang='lat' dir='ltr'><em>ndq&#39;uam</em></span> <span class='ocrx_word' id='word_1_56' title='bbox 824 1790 907 1869; x_wconf 71' lang='lat' dir='ltr'><em>exsiti-</em></span> 
     </span>
     <span class='ocr_line' id='line_1_10' title="bbox 217 1864 902 1949; baseline 0.003 -23"><span class='ocrx_word' id='word_1_57' title='bbox 217 1864 268 1945; x_wconf 79' lang='lat' dir='ltr'><em>effe</em></span> <span class='ocrx_word' id='word_1_58' title='bbox 285 1866 492 1947; x_wconf 78' lang='lat' dir='ltr'><em>poffitm,&#39;dum</em></span> <span class='ocrx_word' id='word_1_59' title='bbox 506 1910 515 1940; x_wconf 90' lang='lat'><strong>‚</strong></span> <span class='ocrx_word' id='word_1_60' title='bbox 530 1868 654 1948; x_wconf 76' lang='lat' dir='ltr'><em>servire,</em></span> <span class='ocrx_word' id='word_1_61' title='bbox 675 1869 703 1926; x_wconf 68' lang='grc' dir='ltr'><em>δ’</em></span> <span class='ocrx_word' id='word_1_62' title='bbox 723 1871 785 1949; x_wconf 85' lang='lat' dir='ltr'><em>poti</em></span> <span class='ocrx_word' id='word_1_63' title='bbox 805 1886 902 1928; x_wconf 84' lang='lat' dir='ltr'><em>contu·</em></span> 
     </span>
     <span class='ocr_line' id='line_1_11' title="bbox 217 1944 902 2028; baseline 0.007 -22"><span class='ocrx_word' id='word_1_64' title='bbox 217 1946 336 2021; x_wconf 72' lang='lat' dir='ltr'><em>nelias,</em></span> <span class='ocrx_word' id='word_1_65' title='bbox 355 1944 435 2028; x_wconf 76' lang='lat' dir='ltr'><em>pejus</em></span> <span class='ocrx_word' id='word_1_66' title='bbox 454 1951 533 2008; x_wconf 84' lang='lat' dir='ltr'><em>odero</em></span> <span class='ocrx_word' id='word_1_67' title='bbox 561 1949 645 2007; x_wconf 86' lang='lat' dir='ltr'><em>malis</em></span> <span class='ocrx_word' id='word_1_68' title='bbox 671 1951 794 2008; x_wconf 87' lang='lat' dir='ltr'><em>omnibns</em></span> <span class='ocrx_word' id='word_1_69' title='bbox 822 1951 902 2011; x_wconf 82' lang='lat' dir='ltr'><em>aliis.</em></span> 
     </span>
     <span class='ocr_line' id='line_1_12' title="bbox 217 2024 901 2122; baseline 0.001 -35"><span class='ocrx_word' id='word_1_70' title='bbox 217 2024 386 2087; x_wconf 64' lang='lat' dir='ltr'><em>Mnne&#39;ltot</em></span> <span class='ocrx_word' id='word_1_71' title='bbox 403 2029 479 2122; x_wconf 68' lang='lat' dir='ltr'><em>&#39;estin</em></span> <span class='ocrx_word' id='word_1_72' title='bbox 495 2029 598 2107; x_wconf 83' lang='lat' dir='ltr'><em>easdem</em></span> <span class='ocrx_word' id='word_1_73' title='bbox 614 2029 736 2088; x_wconf 80' lang='lat' dir='ltr'><em>tenebras</em></span> <span class='ocrx_word' id='word_1_74' title='bbox 752 2028 901 2108; x_wconf 74' lang='lat' dir='ltr'><em>recidtffe?</em></span> 
     </span>
     <span class='ocr_line' id='line_1_13' title="bbox 217 2107 904 2189; baseline 0.006 -23"><span class='ocrx_word' id='word_1_75' title='bbox 217 2107 344 2179; x_wconf 72' lang='lat' dir='ltr'><em>solea,</em></span> <span class='ocrx_word' id='word_1_76' title='bbox 369 2126 415 2188; x_wconf 85' lang='lat' dir='ltr'><em>qut</em></span> <span class='ocrx_word' id='word_1_77' title='bbox 443 2110 554 2185; x_wconf 82' lang='lat' dir='ltr'><em>tyranni</em></span> <span class='ocrx_word' id='word_1_78' title='bbox 581 2128 676 2166; x_wconf 89' lang='lat' dir='ltr'><em>nomen</em></span> <span class='ocrx_word' id='word_1_79' title='bbox 704 2109 821 2188; x_wconf 72' lang='lat' dir='ltr'><em>adscivit</em></span> <span class='ocrx_word' id='word_1_80' title='bbox 846 2110 904 2189; x_wconf 82' lang='lat' dir='ltr'><em>fibi</em></span> 
     </span>
     <span class='ocr_line' id='line_1_14' title="bbox 218 2185 902 2269; baseline 0.001 -22"><span class='ocrx_word' id='word_1_81' title='bbox 218 2185 324 2269; x_wconf 79' lang='lat' dir='ltr'><em>(quun</em></span> <span class='ocrx_word' id='word_1_82' title='bbox 339 2190 370 2247; x_wconf 90' lang='lat' dir='ltr'><em>in</em></span> <span class='ocrx_word' id='word_1_83' title='bbox 393 2190 498 2248; x_wconf 77' lang='lat' dir='ltr'><em>Gratis</em></span> <span class='ocrx_word' id='word_1_84' title='bbox 516 2187 674 2247; x_wconf 80' lang='lat' dir='ltr'><em>civitatibus</em></span> <span class='ocrx_word' id='word_1_85' title='bbox 699 2189 779 2247; x_wconf 83' lang='lat' dir='ltr'><em>liberi</em></span> <span class='ocrx_word' id='word_1_86' title='bbox 799 2208 902 2267; x_wconf 90' lang='lat' dir='ltr'><em>tyran-</em></span> 
     </span>
     <span class='ocr_line' id='line_1_15' title="bbox 217 2267 903 2349; baseline -0.003 -20"><span class='ocrx_word' id='word_1_87' title='bbox 217 2286 313 2329; x_wconf 79' lang='lat' dir='ltr'><em>norum</em></span> <span class='ocrx_word' id='word_1_88' title='bbox 326 2311 338 2338; x_wconf 90' lang='lat'>,</span> <span class='ocrx_word' id='word_1_89' title='bbox 350 2271 488 2349; x_wconf 83' lang='lat' dir='ltr'><em>oppressis</em></span> <span class='ocrx_word' id='word_1_90' title='bbox 499 2269 559 2327; x_wconf 84' lang='lat' dir='ltr'><em>illis</em></span> <span class='ocrx_word' id='word_1_91' title='bbox 570 2311 581 2338; x_wconf 91' lang='lat'>,</span> <span class='ocrx_word' id='word_1_92' title='bbox 600 2268 689 2325; x_wconf 89' lang='lat' dir='ltr'><em>eodem</em></span> <span class='ocrx_word' id='word_1_93' title='bbox 704 2267 844 2348; x_wconf 81' lang='lat' dir='ltr'><em>supplicio</em></span> <span class='ocrx_word' id='word_1_94' title='bbox 855 2267 903 2347; x_wconf 81' lang='lat' dir='ltr'><em>af-</em></span> 
     </span>
     <span class='ocr_line' id='line_1_16' title="bbox 212 2347 904 2429; baseline -0.006 -20"><span class='ocrx_word' id='word_1_95' title='bbox 212 2347 372 2429; x_wconf 72' lang='lat' dir='ltr'><em>finiantur)</em></span> <span class='ocrx_word' id='word_1_96' title='bbox 388 2351 510 2429; x_wconf 79' lang='lat' dir='ltr'><em>petitur,</em></span> <span class='ocrx_word' id='word_1_97' title='bbox 522 2366 552 2407; x_wconf 86' lang='lat' dir='ltr'><em>ut</em></span> <span class='ocrx_word' id='word_1_98' title='bbox 567 2347 692 2406; x_wconf 74' lang='lat' dir='ltr'><em>vindices</em></span> <span class='ocrx_word' id='word_1_99' title='bbox 701 2364 780 2426; x_wconf 83' lang='lat' dir='ltr'><em>atque</em></span> <span class='ocrx_word' id='word_1_100' title='bbox 793 2349 904 2429; x_wconf 85' lang='lat' dir='ltr'><em>oppres-</em></span> 
     </span>
     <span class='ocr_line' id='line_1_17' title="bbox 212 2428 902 2509; baseline 0 -20"><span class='ocrx_word' id='word_1_101' title='bbox 212 2428 304 2509; x_wconf 73' lang='lat' dir='ltr'><em>sores&#39;</em></span> <span class='ocrx_word' id='word_1_102' title='bbox 318 2430 513 2489; x_wconf 88' lang='lat' dir='ltr'><em>dominationis</em></span> <span class='ocrx_word' id='word_1_103' title='bbox 527 2429 606 2506; x_wconf 70' lang='lat' dir='ltr'><em>finivi</em></span> <span class='ocrx_word' id='word_1_104' title='bbox 628 2428 721 2487; x_wconf 82' lang='lat' dir='ltr'><em>sint?</em></span> <span class='ocrx_word' id='word_1_105' title='bbox 746 2430 831 2487; x_wconf 85' lang='lat' dir='ltr'><em>Hanc</em></span> <span class='ocrx_word' id='word_1_106' title='bbox 854 2450 902 2509; x_wconf 82' lang='lat' dir='ltr'><em>ego</em></span> 
     </span>
     <span class='ocr_line' id='line_1_18' title="bbox 218 2509 901 2590; baseline -0.006 -21"><span class='ocrx_word' id='word_1_107' title='bbox 218 2512 356 2571; x_wconf 75' lang='lat' dir='ltr'><em>civitatem</em></span> <span class='ocrx_word' id='word_1_108' title='bbox 374 2510 466 2568; x_wconf 78' lang='lat' dir='ltr'><em>videre</em></span> <span class='ocrx_word' id='word_1_109' title='bbox 485 2510 567 2568; x_wconf 78' lang='lat' dir='ltr'><em>veiim</em></span> <span class='ocrx_word' id='word_1_110' title='bbox 582 2550 592 2581; x_wconf 87' lang='lat'>,</span> <span class='ocrx_word' id='word_1_111' title='bbox 609 2525 658 2566; x_wconf 89' lang='lat' dir='ltr'><em>aut</em></span> <span class='ocrx_word' id='word_1_112' title='bbox 676 2524 769 2590; x_wconf 88' lang='lat' dir='ltr'><em>putem</em></span> <span class='ocrx_word' id='word_1_113' title='bbox 790 2509 901 2582; x_wconf 81' lang='lat' dir='ltr'><em>ullam,</em></span> 
     </span>
     <span class='ocr_line' id='line_1_19' title="bbox 289 2589 904 2669; baseline -0.005 -19"><span class='ocrx_word' id='word_1_114' title='bbox 289 2612 322 2650; x_wconf 88' lang='lat' dir='ltr'><em>ne</em></span> <span class='ocrx_word' id='word_1_115' title='bbox 333 2591 462 2648; x_wconf 85' lang='lat' dir='ltr'><em>traditam</em></span> <span class='ocrx_word' id='word_1_116' title='bbox 473 2592 578 2669; x_wconf 86' lang='lat' dir='ltr'><em>quidem</em></span> <span class='ocrx_word' id='word_1_117' title='bbox 592 2606 673 2668; x_wconf 84' lang='lat' dir='ltr'><em>atque</em></span> <span class='ocrx_word' id='word_1_118' title='bbox 689 2589 852 2648; x_wconf 80' lang='lat' dir='ltr'><em>inculcatam</em></span> <span class='ocrx_word' id='word_1_119' title='bbox 866 2591 904 2647; x_wconf 88' lang='lat' dir='ltr'><em>li-</em></span> 
     </span>
     <span class='ocr_line' id='line_1_20' title="bbox 236 2669 902 2750; baseline 0.002 -21"><span class='ocrx_word' id='word_1_120' title='bbox 236 2689 346 2731; x_wconf 84' lang='lat' dir='ltr'><em>ertatem</em></span> <span class='ocrx_word' id='word_1_121' title='bbox 362 2672 478 2750; x_wconf 87' lang='lat' dir='ltr'><em>recipere</em></span> <span class='ocrx_word' id='word_1_122' title='bbox 517 2669 584 2728; x_wconf 87' lang='lat' dir='ltr'><em>ossit</em></span> <span class='ocrx_word' id='word_1_123' title='bbox 599 2669 747 2750; x_wconf 84' lang='lat' dir='ltr'><em>;.piusqtte</em></span> <span class='ocrx_word' id='word_1_124' title='bbox 764 2671 856 2728; x_wconf 87' lang='lat' dir='ltr'><em>timeat</em></span> <span class='ocrx_word' id='word_1_125' title='bbox 871 2673 902 2730; x_wconf 90' lang='lat' dir='ltr'><em>in</em></span> 
     </span>
     <span class='ocr_line' id='line_1_21' title="bbox 213 2692 904 2831; baseline 0.001 -22"><span class='ocrx_word' id='word_1_126' title='bbox 213 2770 301 2831; x_wconf 80' lang='lat' dir='ltr'><em>puero</em></span> <span class='ocrx_word' id='word_1_127' title='bbox 323 2772 419 2810; x_wconf 89' lang='lat' dir='ltr'><em>nomen</em></span> <span class='ocrx_word' id='word_1_128' title='bbox 435 2692 539 2829; x_wconf 58' lang='lat' dir='ltr'><em>substiti</em></span> <span class='ocrx_word' id='word_1_129' title='bbox 553 2752 651 2831; x_wconf 79' lang='lat' dir='ltr'><em>regis,</em></span> <span class='ocrx_word' id='word_1_130' title='bbox 677 2751 757 2829; x_wconf 77' lang='lat' dir='ltr'><em>quim</em></span> <span class='ocrx_word' id='word_1_131' title='bbox 781 2751 904 2830; x_wconf 80' lang='lat' dir='ltr'><em>confidat</em></span> 
     </span>
     <span class='ocr_line' id='line_1_22' title="bbox 218 2831 902 2915; baseline 0.001 -26"><span class='ocrx_word' id='word_1_132' title='bbox 218 2832 291 2903; x_wconf 84' lang='lat' dir='ltr'><em>sibi,</em></span> <span class='ocrx_word' id='word_1_133' title='bbox 308 2852 390 2910; x_wconf 82' lang='lat' dir='ltr'><em>quum</em></span> <span class='ocrx_word' id='word_1_134' title='bbox 404 2831 483 2890; x_wconf 83' lang='lat' dir='ltr'><em>illurn</em></span> <span class='ocrx_word' id='word_1_135' title='bbox 496 2831 603 2915; x_wconf 79' lang='lat' dir='ltr'><em>ipsum,</em></span> <span class='ocrx_word' id='word_1_136' title='bbox 621 2832 667 2909; x_wconf 85' lang='lat' dir='ltr'><em>qni</em></span> <span class='ocrx_word' id='word_1_137' title='bbox 688 2833 823 2890; x_wconf 87' lang='lat' dir='ltr'><em>maximas</em></span> <span class='ocrx_word' id='word_1_138' title='bbox 837 2853 902 2912; x_wconf 88' lang='lat' dir='ltr'><em>opes</em></span> 
     </span>
     <span class='ocr_line' id='line_1_23' title="bbox 219 2910 901 2991; baseline -0.003 -20"><span class='ocrx_word' id='word_1_139' title='bbox 219 2910 342 2971; x_wconf 71' lang='lat' dir='ltr'><em>hameris</em></span> <span class='ocrx_word' id='word_1_140' title='bbox 353 2931 519 2991; x_wconf 84' lang='lat' dir='ltr'><em>,paucorum</em></span> <span class='ocrx_word' id='word_1_141' title='bbox 529 2914 628 2972; x_wconf 75' lang='lat' dir='ltr'><em>virtute</em></span> <span class='ocrx_word' id='word_1_142' title='bbox 631 2913 771 2990; x_wconf 82' lang='lat' dir='ltr'><em>sublatum</em></span> <span class='ocrx_word' id='word_1_143' title='bbox 781 2913 901 2971; x_wconf 80' lang='lat' dir='ltr'><em>videat?</em></span> 
     </span>
     <span class='ocr_line' id='line_1_24' title="bbox 218 2991 901 3072; baseline -0.004 -19"><span class='ocrx_word' id='word_1_144' title='bbox 218 2993 269 3053; x_wconf 81' lang='lat' dir='ltr'><em>Me</em></span> <span class='ocrx_word' id='word_1_145' title='bbox 289 2993 354 3053; x_wconf 72' lang='lat' dir='ltr'><em>vero</em></span> <span class='ocrx_word' id='word_1_146' title='bbox 369 2993 478 3072; x_wconf 77' lang='lat' dir='ltr'><em>posthac</em></span> <span class='ocrx_word' id='word_1_147' title='bbox 499 3015 531 3050; x_wconf 90' lang='lat' dir='ltr'><em>ne</em></span> <span class='ocrx_word' id='word_1_148' title='bbox 551 2993 778 3052; x_wconf 79' lang='lat' dir='ltr'><em>commendaveris</em></span> <span class='ocrx_word' id='word_1_149' title='bbox 798 2991 901 3069; x_wconf 83' lang='lat' dir='ltr'><em>Casari</em></span> 
     </span>
     <span class='ocr_line' id='line_1_25' title="bbox 218 3069 902 3150; baseline -0.003 -18"><span class='ocrx_word' id='word_1_150' title='bbox 218 3089 265 3132; x_wconf 81' lang='lat' dir='ltr'><em>tuo</em></span> <span class='ocrx_word' id='word_1_151' title='bbox 285 3092 299 3143; x_wconf 91' lang='lat'><em>,·</em></span> <span class='ocrx_word' id='word_1_152' title='bbox 319 3094 353 3130; x_wconf 86' lang='lat' dir='ltr'><em>rte</em></span> <span class='ocrx_word' id='word_1_153' title='bbox 373 3088 397 3130; x_wconf 94' lang='lat' dir='ltr'><em>te</em></span> <span class='ocrx_word' id='word_1_154' title='bbox 423 3073 528 3150; x_wconf 82' lang='lat' dir='ltr'><em>quidem</em></span> <span class='ocrx_word' id='word_1_155' title='bbox 549 3069 662 3150; x_wconf 76' lang='lat' dir='ltr'><em>ipsum,</em></span> <span class='ocrx_word' id='word_1_156' title='bbox 684 3073 709 3128; x_wconf 93' lang='lat' dir='ltr'><em>si</em></span> <span class='ocrx_word' id='word_1_157' title='bbox 732 3091 773 3128; x_wconf 90' lang='lat' dir='ltr'><em>rne</em></span> <span class='ocrx_word' id='word_1_158' title='bbox 793 3073 902 3130; x_wconf 84' lang='lat' dir='ltr'><em>audies.</em></span> 
     </span>
     <span class='ocr_line' id='line_1_26' title="bbox 219 3152 903 3231; baseline -0.006 -17"><span class='ocrx_word' id='word_1_159' title='bbox 219 3153 309 3214; x_wconf 81' lang='lat' dir='ltr'><em>Valde</em></span> <span class='ocrx_word' id='word_1_160' title='bbox 319 3152 381 3213; x_wconf 68' lang='lat' dir='ltr'><em>core*</em></span> <span class='ocrx_word' id='word_1_161' title='bbox 400 3154 513 3231; x_wconf 74' lang='lat' dir='ltr'><em>aflines</em></span> <span class='ocrx_word' id='word_1_162' title='bbox 525 3168 565 3210; x_wconf 91' lang='lat' dir='ltr'><em>tot</em></span> <span class='ocrx_word' id='word_1_163' title='bbox 575 3171 663 3209; x_wconf 88' lang='lat' dir='ltr'><em>annos</em></span> <span class='ocrx_word' id='word_1_164' title='bbox 676 3193 687 3219; x_wconf 89' lang='lat'><strong>,</strong></span> <span class='ocrx_word' id='word_1_165' title='bbox 700 3169 764 3228; x_wconf 83' lang='lat' dir='ltr'><em>quot</em></span> <span class='ocrx_word' id='word_1_166' title='bbox 775 3152 823 3231; x_wconf 60' lang='lat' dir='ltr'><em>&#39;fia</em></span> <span class='ocrx_word' id='word_1_167' title='bbox 833 3170 903 3210; x_wconf 81' lang='lat' dir='ltr'><em>ntae</em></span> 
     </span>
     <span class='ocr_line' id='line_1_27' title="bbox 218 3229 903 3313; baseline 0.001 -22"><span class='ocrx_word' id='word_1_168' title='bbox 218 3233 338 3313; x_wconf 82' lang='lat' dir='ltr'><em>recipit,</em></span> <span class='ocrx_word' id='word_1_169' title='bbox 355 3234 388 3291; x_wconf 90' lang='lat' dir='ltr'><em>si.</em></span> <span class='ocrx_word' id='word_1_170' title='bbox 407 3236 520 3313; x_wconf 80' lang='lat' dir='ltr'><em>propter</em></span> <span class='ocrx_word' id='word_1_171' title='bbox 540 3250 598 3298; x_wconf 81' lang='lat' dir='ltr'><em>earn</em></span> <span class='ocrx_word' id='word_1_172' title='bbox 627 3229 738 3311; x_wconf 81' lang='lat' dir='ltr'><em>causant</em></span> <span class='ocrx_word' id='word_1_173' title='bbox 755 3251 838 3310; x_wconf 86' lang='lat' dir='ltr'><em>puero</em></span> <span class='ocrx_word' id='word_1_174' title='bbox 859 3233 903 3311; x_wconf 78' lang='lat' dir='ltr'><em>isti</em></span> 
     </span>
     <span class='ocr_line' id='line_1_28' title="bbox 210 3311 902 3392; baseline -0.001 -20"><span class='ocrx_word' id='word_1_175' title='bbox 210 3312 421 3392; x_wconf 51' lang='lat' dir='ltr'><em>,sttpplicatttrus</em></span> <span class='ocrx_word' id='word_1_176' title='bbox 438 3335 475 3372; x_wconf 89' lang='lat' dir='ltr'><em>es.</em></span> <span class='ocrx_word' id='word_1_177' title='bbox 494 3311 628 3380; x_wconf 86' lang='lat' dir='ltr'><em>Deinde,</em></span> <span class='ocrx_word' id='word_1_178' title='bbox 640 3312 715 3390; x_wconf 86' lang='lat' dir='ltr'><em>quod</em></span> <span class='ocrx_word' id='word_1_179' title='bbox 728 3311 902 3390; x_wconf 74' lang='lat' dir='ltr'><em>pulcherrimi</em></span> 
     </span>
     <span class='ocr_line' id='line_1_29' title="bbox 210 3389 904 3472; baseline -0.001 -21"><span class='ocrx_word' id='word_1_180' title='bbox 210 3389 321 3472; x_wconf 63' lang='lat' dir='ltr'><em>fetidi,</em></span> <span class='ocrx_word' id='word_1_181' title='bbox 336 3413 371 3451; x_wconf 86' lang='lat' dir='ltr'><em>ac</em></span> <span class='ocrx_word' id='word_1_182' title='bbox 380 3390 459 3471; x_wconf 85' lang='lat' dir='ltr'><em>sacis</em></span> <span class='ocrx_word' id='word_1_183' title='bbox 476 3394 506 3450; x_wconf 88' lang='lat' dir='ltr'><em>in</em></span> <span class='ocrx_word' id='word_1_184' title='bbox 529 3389 670 3460; x_wconf 81' lang='lat' dir='ltr'><em>Antonio,</em></span> <span class='ocrx_word' id='word_1_185' title='bbox 693 3392 756 3450; x_wconf 73' lang='lat' dir='ltr'><em>vide</em></span> <span class='ocrx_word' id='word_1_186' title='bbox 778 3413 811 3448; x_wconf 92' lang='lat' dir='ltr'><em>ne</em></span> <span class='ocrx_word' id='word_1_187' title='bbox 832 3411 904 3450; x_wconf 84' lang='lat' dir='ltr'><em>con-</em></span> 
     </span>
     <span class='ocr_line' id='line_1_30' title="bbox 216 3470 902 3548; baseline -0.004 -15"><span class='ocrx_word' id='word_1_188' title='bbox 216 3490 342 3533; x_wconf 74' lang='lat' dir='ltr'><em>vertatur</em></span> <span class='ocrx_word' id='word_1_189' title='bbox 357 3472 473 3532; x_wconf 84' lang='lat' dir='ltr'><em>alaude</em></span> <span class='ocrx_word' id='word_1_190' title='bbox 493 3471 608 3530; x_wconf 87' lang='lat' dir='ltr'><em>maximi</em></span> <span class='ocrx_word' id='word_1_191' title='bbox 633 3470 717 3528; x_wconf 89' lang='lat' dir='ltr'><em>animi</em></span> <span class='ocrx_word' id='word_1_192' title='bbox 735 3470 775 3528; x_wconf 87' lang='lat' dir='ltr'><em>ad</em></span> <span class='ocrx_word' id='word_1_193' title='bbox 790 3471 902 3548; x_wconf 87' lang='lat' dir='ltr'><em>opimio-</em></span> 
     </span>
     <span class='ocr_line' id='line_1_31' title="bbox 217 3549 902 3632; baseline -0.006 -20"><span class='ocrx_word' id='word_1_194' title='bbox 217 3573 277 3613; x_wconf 77' lang='lat' dir='ltr'><em>nem</em></span> <span class='ocrx_word' id='word_1_195' title='bbox 289 3552 460 3632; x_wconf 81' lang='lat' dir='ltr'><em>formidinis.</em></span> <span class='ocrx_word' id='word_1_196' title='bbox 480 3555 556 3612; x_wconf 91' lang='lat' dir='ltr'><em>Nam</em></span> <span class='ocrx_word' id='word_1_197' title='bbox 573 3552 599 3610; x_wconf 90' lang='lat' dir='ltr'><em>si</em></span> <span class='ocrx_word' id='word_1_198' title='bbox 616 3551 747 3613; x_wconf 76' lang='lat' dir='ltr'><em>Otiaoius</em></span> <span class='ocrx_word' id='word_1_199' title='bbox 767 3549 816 3609; x_wconf 87' lang='lat' dir='ltr'><em>tibi</em></span> <span class='ocrx_word' id='word_1_200' title='bbox 830 3551 902 3630; x_wconf 85' lang='lat' dir='ltr'><em>pla·</em></span> 
     </span>
    </p>
   </div>
   <div class='ocr_carea' id='block_1_3' title="bbox 216 3631 901 3795">
    <p class='ocr_par' dir='ltr' id='par_1_3' title="bbox 216 3631 901 3795">
     <span class='ocr_line' id='line_1_32' title="bbox 216 3631 901 3773; baseline -0.009 -76"><span class='ocrx_word' id='word_1_201' title='bbox 216 3650 280 3710; x_wconf 76' lang='lat' dir='ltr'><em>cst,</em></span> <span class='ocrx_word' id='word_1_202' title='bbox 302 3655 393 3716; x_wconf 69' lang='lat' dir='ltr'><em>aquo</em></span> <span class='ocrx_word' id='word_1_203' title='bbox 411 3635 444 3695; x_wconf 84' lang='lat' dir='ltr'><em>de</em></span> <span class='ocrx_word' id='word_1_204' title='bbox 464 3633 552 3715; x_wconf 80' lang='lat' dir='ltr'><em>nostra</em></span> <span class='ocrx_word' id='word_1_205' title='bbox 566 3631 660 3715; x_wconf 74' lang='lat' dir='ltr'><em>firinte</em></span> <span class='ocrx_word' id='word_1_206' title='bbox 674 3632 817 3773; x_wconf 57' lang='lat' dir='ltr'><em>petlendnm</em></span> <span class='ocrx_word' id='word_1_207' title='bbox 832 3632 901 3713; x_wconf 78' lang='lat' dir='ltr'><em>fit,·</em></span> 
     </span>
     <span class='ocr_line' id='line_1_33' title="bbox 753 3731 782 3795; baseline -0.103 -23"><span class='ocrx_word' id='word_1_208' title='bbox 753 3731 782 3795; x_wconf 72' lang='grc' dir='ltr'><em>ιι]</em></span> 
     </span>
    </p>
   </div>
   <div class='ocr_carea' id='block_1_4' title="bbox 0 0 1211 5492">
    <p class='ocr_par' dir='ltr' id='par_1_4' title="bbox 0 0 1211 5492">
     <span class='ocr_line' id='line_1_34' title="bbox 0 0 1211 5492; baseline 0 0"><span class='ocrx_word' id='word_1_209' title='bbox 0 0 1211 5492; x_wconf 95' lang='lat' dir='ltr'><em> </em></span> 
     </span>
    </p>
   </div>
  </div>
 </body>
</html>
