2409 5492
251 1226 328 1324 386
401 1225 780 1294 'Eprsrornuurr

250 1344 312 1403 tulo
330 1331 390 1401 non
409 1335 613 1419 respondiffet‚
646 1341 675 1397 ui
693 1355 756 1398 tum
774 1334 826 1395 illo
849 1357 938 1397 accu-

251 1423 360 1491 satore,
372 1422 479 1501 illoque
494 1421 617 1479 consilio
627 1360 783 1481 dementiis
797 1418 939 1477 condem·

250 1523 334 1564 natus
353 1503 389 1561 sit
406 1517 521 1574 xxrtrr,
535 1520 625 1579 quum
644 1515 712 1559 rxx
730 1495 866 1557 tuliffent.
889 1496 942 1556 Est

252 1585 373 1643 omnino
399 1599 460 1641 tam
486 1583 566 1661 gravi
591 1579 670 1640 fama
694 1580 752 1639 hoc
777 1575 939 1655 judicium,

252 1680 284 1723 ut
304 1661 436 1722 videatur
459 1662 575 1740 reliquis
596 1659 708 1740 judiciis
730 1661 892 1738 pariturus,
907 1660 939 1718 δι

253 1743 379 1801 maxime
400 1742 437 1802 de
460 1743 588 1821 pecuniis
611 1738 789 1820 repetundis.
814 1737 874 1799 Sed
893 1742 939 1799 vi·

255 1823 307 1884 des
339 1822 447 1883 nullam
479 1819 535 1882 effe
570 1822 805 1902 rempublicam,
827 1818 937 1878 nullum

255 1902 407 1974 senatum,
426 1902 503 1962 nulla
525 1899 651 1979 judicia,
665 1900 781 1960 nullam
804 1901 835 1958 in
856 1897 936 1958 nullo

219 1984 222 1990 ’
256 1980 384 2043 nostrum
403 1983 582 2064 dignitatem.
602 1981 688 2061 Quid
707 1982 790 2061 plura
811 1979 849 2038 de
867 1976 938 2057 judi·

258 2063 338 2123 cibus
354 2063 368 2123 ἓ
384 2064 445 2123 duo
465 2063 591 2142 praetorii
610 2062 770 2134 sederunt,
790 2056 939 2119 Domitius

259 2142 424 2216 Calvinus
445 2144 469 2201 is
495 2141 592 2221 apettd
617 2141 761 2213 absolvit,
781 2155 815 2200 ut
837 2157 940 2199 omnes

257 2222 392 2283 viderent
405 2242 413 2280 a
433 2222 465 2281 &
479 2219 556 2281 Cato
569 2241 579 2294 ;
594 2224 618 2281 is
636 2222 756 2302 diruptis
774 2220 886 2280 tabellis
901 2218 940 2279 de

258 2303 366 2362 circuio
390 2300 419 2361 se
444 2300 596 2375 subduxit,
615 2302 811 2381 &Pompeio
833 2302 941 2381 primus

258 2384 411 2445 nuntiavit.
426 2381 518 2443 Aiunt
533 2381 682 2456 nonnulli,
693 2377 838 2443 Sallustius
853 2383 939 2453 item,

261 2481 310 2524 me
328 2460 485 2545 oportuiffe
503 2461 645 2524 accusare.
666 2462 704 2523 lis
723 2483 781 2559 ego
800 2459 940 2541 judicibus

261 2542 498 2605 committerem?
513 2542 597 2621 Quid
615 2542 717 2617 estem,
732 2563 757 2602 sr
773 2562 820 2603 me
839 2559 940 2625 agente

263 2623 333 2685 effet
348 2624 481 2706 elapsus?
494 2624 544 2685 sed
557 2643 606 2684 me
623 2624 677 2684 alia
692 2638 858 2685 moverunt.
872 2621 943 2682 Non

264 2703 386 2785 putaffet
411 2705 464 2766 sibi
488 2704 645 2785 Pompeius
670 2704 707 2766 de
731 2703 808 2766 illius
834 2702 946 2778 salute,

261 2785 315 2845 sed
338 2786 374 2846 de
399 2785 447 2846 sua
471 2785 608 2867 dignitate
630 2806 747 2846 mecum
768 2783 825 2847 effe
848 2803 948 2845 certa·

265 2886 333 2924 men
352 2886 359 2922 :
379 2868 408 2924 in
428 2866 530 2925 urbem
550 2864 688 2928 introiffet
705 2887 713 2925 ε
731 2866 770 2925 ad
787 2867 948 2927 inimicitias

265 2963 311 3003 res
329 2942 472 3004 venisset:
490 2968 556 3005 cum
571 2946 721 3007 AEsernino
740 2946 870 3008 Samnite
886 2946 951 3006 Pla·

264 3021 412 3100 cidejanus
434 3043 616 3105 comparatus
636 3029 773 3089 viderer:
792 3028 950 3087 auriculam

211 3147 217 3154 ·
259 3102 380 3164 donasse
401 3105 547 3166 mordicus
568 3105 740 3181 abstuliffet3
755 3130 823 3168 cum
838 3106 949 3169 Clodio

267 3185 386 3266 quidern
416 3187 492 3247 certe
519 3186 641 3248 rediiffet
664 3193 695 3249 in
719 3192 850 3271 gratiam.
882 3187 949 3270 Ego

267 3266 340 3329 verb
367 3285 465 3327 meum
490 3270 640 3327 consilium
662 3272 713 3339 (si
738 3269 894 3350 praesertim
918 3288 950 3329 tu

267 3368 329 3407 non
344 3347 508 3427 improbas)
521 3350 711 3409 vehementer
723 3350 869 3432 approbo.
881 3348 950 3425 Ille,

261 3443 359 3509 -quum
378 3448 394 3484 a
412 3448 459 3487 me
480 3429 668 3509 singularibus
689 3432 761 3490 meis
783 3429 881 3490 {hudiis
900 3452 951 3490 or-

262 3524 353 3567 -natus
377 3505 466 3581 esset,
484 3530 630 3591 quumque
655 3529 712 3592 ego
736 3511 778 3570 illi
803 3512 874 3571 nihil
898 3510 953 3571 de·

270 3588 390 3662 berem,
406 3589 455 3649 ille
481 3590 552 3649 mihi
576 3592 675 3649 omnia
692 3610 702 3662 ;
721 3607 821 3652 tamen
847 3595 879 3651 in
901 3612 953 3651 re·

270 3669 386 3748 publica
407 3690 455 3730 me
477 3691 495 3729 a
518 3670 547 3731 se
572 3668 780 3732 dissentientem
805 3695 867 3733 non
887 3674 953 3749 ¹tulit

265 3748 368 3831 (nihil
392 3750 487 3834 dicam
511 3750 650 3839 gravius)
670 3752 702 3820 ὅ(
723 3755 820 3819 minus
847 3770 954 3838 potens

381 3877 390 3886 ⁸
420 3883 432 3909 d*
