<?xml version="1.0" encoding="UTF-8"?>
<!DOCTYPE html PUBLIC "-//W3C//DTD XHTML 1.0 Transitional//EN"
    "http://www.w3.org/TR/xhtml1/DTD/xhtml1-transitional.dtd">
<html xmlns="http://www.w3.org/1999/xhtml" xml:lang="en" lang="en">
 <head>
  <title>
</title>
<meta http-equiv="Content-Type" content="text/html;charset=utf-8" />
  <meta name='ocr-system' content='tesseract 3.04.00' />
  <meta name='ocr-capabilities' content='ocr_page ocr_carea ocr_par ocr_line ocrx_word'/>
</head>
<body>
  <div class='ocr_page' id='page_1' title='image "./mtulliiciceroni09lallgoog/mtulliiciceroni09lallgoog_0019.png"; bbox 0 0 2409 5492; ppageno 0'>
   <div class='ocr_carea' id='block_1_1' title="bbox 325 1268 856 1340">
    <p class='ocr_par' dir='ltr' id='par_1_1' title="bbox 325 1268 856 1340">
     <span class='ocr_line' id='line_1_1' title="bbox 325 1268 856 1340; baseline -0.013 0"><span class='ocrx_word' id='word_1_1' title='bbox 325 1286 380 1340; x_wconf 82' lang='lat'>&#39;12</span> <span class='ocrx_word' id='word_1_2' title='bbox 476 1268 856 1334; x_wconf 69' lang='lat' dir='ltr'>Errsroranun</span> 
     </span>
    </p>
   </div>
   <div class='ocr_carea' id='block_1_2' title="bbox 272 1377 1012 2418">
    <p class='ocr_par' dir='ltr' id='par_1_2' title="bbox 272 1377 1012 2418">
     <span class='ocr_line' id='line_1_2' title="bbox 325 1377 1012 1462; baseline -0.004 -18"><span class='ocrx_word' id='word_1_3' title='bbox 325 1383 416 1444; x_wconf 88' lang='lat' dir='ltr'>sulem</span> <span class='ocrx_word' id='word_1_4' title='bbox 438 1377 550 1441; x_wconf 81' lang='lat' dir='ltr'>hostem</span> <span class='ocrx_word' id='word_1_5' title='bbox 566 1377 786 1458; x_wconf 83' lang='lat' dir='ltr'>judicaverunt,</span> <span class='ocrx_word' id='word_1_6' title='bbox 801 1380 889 1462; x_wconf 86' lang='lat' dir='ltr'>seque</span> <span class='ocrx_word' id='word_1_7' title='bbox 908 1377 950 1439; x_wconf 88' lang='lat' dir='ltr'>ad·</span> <span class='ocrx_word' id='word_1_8' title='bbox 963 1379 1012 1441; x_wconf 57' lang='lat' dir='ltr'>sn*</span> 
     </span>
     <span class='ocr_line' id='line_1_3' title="bbox 326 1458 1007 1524; baseline -0.001 -2"><span class='ocrx_word' id='word_1_9' title='bbox 326 1465 418 1524; x_wconf 86' lang='lat' dir='ltr'>lutem</span> <span class='ocrx_word' id='word_1_10' title='bbox 440 1461 481 1520; x_wconf 92' lang='lat' dir='ltr'>rei</span> <span class='ocrx_word' id='word_1_11' title='bbox 503 1459 604 1519; x_wconf 88' lang='lat' dir='ltr'>ublicae</span> <span class='ocrx_word' id='word_1_12' title='bbox 633 1458 846 1521; x_wconf 84' lang='lat' dir='ltr'>defendendam</span> <span class='ocrx_word' id='word_1_13' title='bbox 871 1459 1007 1521; x_wconf 79' lang='lat' dir='ltr'>contule-</span> 
     </span>
     <span class='ocr_line' id='line_1_4' title="bbox 326 1482 1011 1620; baseline -0.006 -15"><span class='ocrx_word' id='word_1_14' title='bbox 326 1562 401 1605; x_wconf 88' lang='lat' dir='ltr'>runt.</span> <span class='ocrx_word' id='word_1_15' title='bbox 434 1482 586 1601; x_wconf 68' lang='lat' dir='ltr'>Voiuntas&#39;</span> <span class='ocrx_word' id='word_1_16' title='bbox 608 1539 717 1601; x_wconf 75' lang='lat' dir='ltr'>fenarias</span> <span class='ocrx_word' id='word_1_17' title='bbox 747 1562 800 1620; x_wconf 90' lang='lat' dir='ltr'>pro</span> <span class='ocrx_word' id='word_1_18' title='bbox 838 1540 1011 1601; x_wconf 68' lang='lat' dir='ltr'>austoritate</span> 
     </span>
     <span class='ocr_line' id='line_1_5' title="bbox 325 1620 1008 1701; baseline -0.004 -16"><span class='ocrx_word' id='word_1_19' title='bbox 325 1626 426 1685; x_wconf 85' lang='lat' dir='ltr'>haberi</span> <span class='ocrx_word' id='word_1_20' title='bbox 443 1620 553 1695; x_wconf 88' lang='lat' dir='ltr'>debet,</span> <span class='ocrx_word' id='word_1_21' title='bbox 573 1642 662 1701; x_wconf 89' lang='lat' dir='ltr'>quum</span> <span class='ocrx_word' id='word_1_22' title='bbox 680 1620 831 1680; x_wconf 64' lang='lat' dir='ltr'>audieritas</span> <span class='ocrx_word' id='word_1_23' title='bbox 850 1620 1008 1700; x_wconf 77' lang='lat' dir='ltr'>impeditur</span> 
     </span>
     <span class='ocr_line' id='line_1_6' title="bbox 325 1697 1010 1782; baseline -0.007 -17"><span class='ocrx_word' id='word_1_24' title='bbox 325 1723 416 1766; x_wconf 87' lang='lat' dir='ltr'>metu.</span> <span class='ocrx_word' id='word_1_25' title='bbox 446 1700 595 1762; x_wconf 83' lang='lat' dir='ltr'>Postremb</span> <span class='ocrx_word' id='word_1_26' title='bbox 620 1700 747 1782; x_wconf 87' lang='lat' dir='ltr'>suscepta</span> <span class='ocrx_word' id='word_1_27' title='bbox 773 1701 824 1761; x_wconf 90' lang='lat' dir='ltr'>tibi</span> <span class='ocrx_word' id='word_1_28' title='bbox 846 1699 928 1760; x_wconf 84' lang='lat' dir='ltr'>causa</span> <span class='ocrx_word' id='word_1_29' title='bbox 945 1697 1010 1777; x_wconf 80' lang='lat' dir='ltr'>jam</span> 
     </span>
     <span class='ocr_line' id='line_1_7' title="bbox 324 1782 1007 1862; baseline -0.006 -17"><span class='ocrx_word' id='word_1_30' title='bbox 324 1786 369 1846; x_wconf 85' lang='lat' dir='ltr'>bis</span> <span class='ocrx_word' id='word_1_31' title='bbox 391 1782 432 1845; x_wconf 88' lang='lat' dir='ltr'>est</span> <span class='ocrx_word' id='word_1_32' title='bbox 451 1828 460 1855; x_wconf 91' lang='lat'>‚</span> <span class='ocrx_word' id='word_1_33' title='bbox 490 1799 521 1841; x_wconf 90' lang='lat' dir='ltr'>ut</span> <span class='ocrx_word' id='word_1_34' title='bbox 542 1802 603 1841; x_wconf 89' lang='lat' dir='ltr'>non</span> <span class='ocrx_word' id='word_1_35' title='bbox 624 1784 661 1842; x_wconf 87' lang='lat' dir='ltr'>sit</span> <span class='ocrx_word' id='word_1_36' title='bbox 681 1785 824 1862; x_wconf 81' lang='lat' dir='ltr'>integrum</span> <span class='ocrx_word' id='word_1_37' title='bbox 841 1801 852 1852; x_wconf 80' lang='lat'><em>3</em></span> <span class='ocrx_word' id='word_1_38' title='bbox 877 1782 1007 1860; x_wconf 78' lang='lat' dir='ltr'>primum</span> 
     </span>
     <span class='ocr_line' id='line_1_8' title="bbox 323 1861 1008 1941; baseline -0.007 -15"><span class='ocrx_word' id='word_1_39' title='bbox 323 1865 421 1926; x_wconf 89' lang='lat' dir='ltr'>Idibus</span> <span class='ocrx_word' id='word_1_40' title='bbox 445 1861 584 1936; x_wconf 88' lang='lat' dir='ltr'>Martiis,</span> <span class='ocrx_word' id='word_1_41' title='bbox 609 1861 714 1922; x_wconf 90' lang='lat' dir='ltr'>deinde</span> <span class='ocrx_word' id='word_1_42' title='bbox 736 1862 894 1941; x_wconf 78' lang='lat' dir='ltr'>proxime,</span> <span class='ocrx_word' id='word_1_43' title='bbox 921 1880 1008 1921; x_wconf 83' lang='lat' dir='ltr'>exer-</span> 
     </span>
     <span class='ocr_line' id='line_1_9' title="bbox 323 1938 1006 2021; baseline -0.013 -13"><span class='ocrx_word' id='word_1_44' title='bbox 323 1949 383 2007; x_wconf 82' lang='lat' dir='ltr'>citu</span> <span class='ocrx_word' id='word_1_45' title='bbox 401 1965 509 2016; x_wconf 88' lang='lat' dir='ltr'>novo,</span> <span class='ocrx_word' id='word_1_46' title='bbox 530 1943 561 2001; x_wconf 91' lang='lat'>&amp;</span> <span class='ocrx_word' id='word_1_47' title='bbox 581 1943 672 2021; x_wconf 87' lang='lat' dir='ltr'>copiis</span> <span class='ocrx_word' id='word_1_48' title='bbox 692 1944 872 2019; x_wconf 88' lang='lat' dir='ltr'>comparatis.</span> <span class='ocrx_word' id='word_1_49' title='bbox 887 1938 1006 2019; x_wconf 85' lang='lat' dir='ltr'>Quam·</span> 
     </span>
     <span class='ocr_line' id='line_1_10' title="bbox 288 2023 1006 2102; baseline -0.013 -14"><span class='ocrx_word' id='word_1_50' title='bbox 288 2023 292 2029; x_wconf 53' lang='grc'><em>“</em></span> <span class='ocrx_word' id='word_1_51' title='bbox 325 2028 428 2088; x_wconf 87' lang='lat' dir='ltr'>obrem</span> <span class='ocrx_word' id='word_1_52' title='bbox 454 2023 491 2082; x_wconf 90' lang='lat' dir='ltr'>ad</span> <span class='ocrx_word' id='word_1_53' title='bbox 515 2023 614 2082; x_wconf 81' lang='lat' dir='ltr'>omnia</span> <span class='ocrx_word' id='word_1_54' title='bbox 634 2025 673 2080; x_wconf 86' lang='lat' dir='ltr'>ita</span> <span class='ocrx_word' id='word_1_55' title='bbox 698 2038 810 2100; x_wconf 85' lang='lat' dir='ltr'>paratus</span> <span class='ocrx_word' id='word_1_56' title='bbox 835 2039 919 2102; x_wconf 86' lang='lat' dir='ltr'>atque</span> <span class='ocrx_word' id='word_1_57' title='bbox 940 2024 1006 2085; x_wconf 70' lang='lat' dir='ltr'>ani?-</span> 
     </span>
     <span class='ocr_line' id='line_1_11' title="bbox 323 2097 1006 2181; baseline -0.009 -14"><span class='ocrx_word' id='word_1_58' title='bbox 323 2125 418 2168; x_wconf 86' lang='lat' dir='ltr'>matus</span> <span class='ocrx_word' id='word_1_59' title='bbox 437 2102 528 2162; x_wconf 83' lang='lat' dir='ltr'>debes</span> <span class='ocrx_word' id='word_1_60' title='bbox 547 2097 627 2175; x_wconf 84' lang='lat' dir='ltr'>effe,</span> <span class='ocrx_word' id='word_1_61' title='bbox 652 2122 713 2160; x_wconf 93' lang='lat' dir='ltr'>non</span> <span class='ocrx_word' id='word_1_62' title='bbox 741 2116 773 2160; x_wconf 91' lang='lat' dir='ltr'>ut</span> <span class='ocrx_word' id='word_1_63' title='bbox 798 2101 868 2161; x_wconf 89' lang='lat' dir='ltr'>nihil</span> <span class='ocrx_word' id='word_1_64' title='bbox 888 2101 1006 2181; x_wconf 80' lang='lat' dir='ltr'>facias,</span> 
     </span>
     <span class='ocr_line' id='line_1_12' title="bbox 322 2179 1006 2262; baseline -0.01 -15"><span class='ocrx_word' id='word_1_65' title='bbox 322 2189 378 2248; x_wconf 86' lang='lat' dir='ltr'>nisi</span> <span class='ocrx_word' id='word_1_66' title='bbox 399 2181 483 2262; x_wconf 78' lang='lat' dir='ltr'>juiius</span> <span class='ocrx_word' id='word_1_67' title='bbox 497 2203 507 2254; x_wconf 79' lang='lat'>3</span> <span class='ocrx_word' id='word_1_68' title='bbox 521 2179 571 2240; x_wconf 87' lang='lat' dir='ltr'>sed</span> <span class='ocrx_word' id='word_1_69' title='bbox 587 2198 619 2241; x_wconf 88' lang='lat' dir='ltr'>ut</span> <span class='ocrx_word' id='word_1_70' title='bbox 634 2201 668 2240; x_wconf 85' lang='lat' dir='ltr'>ea</span> <span class='ocrx_word' id='word_1_71' title='bbox 684 2199 786 2262; x_wconf 85' lang='lat' dir='ltr'>geras,</span> <span class='ocrx_word' id='word_1_72' title='bbox 805 2202 868 2261; x_wconf 81' lang='lat' dir='ltr'>quae</span> <span class='ocrx_word' id='word_1_73' title='bbox 883 2181 919 2241; x_wconf 89' lang='lat' dir='ltr'>ab</span> <span class='ocrx_word' id='word_1_74' title='bbox 937 2202 1006 2241; x_wconf 86' lang='lat' dir='ltr'>om-</span> 
     </span>
     <span class='ocr_line' id='line_1_13' title="bbox 272 2261 1006 2331; baseline -0.01 0"><span class='ocrx_word' id='word_1_75' title='bbox 272 2324 275 2331; x_wconf 90' lang='lat'><em>.</em></span> <span class='ocrx_word' id='word_1_76' title='bbox 322 2266 406 2327; x_wconf 85' lang='lat' dir='ltr'>nibus</span> <span class='ocrx_word' id='word_1_77' title='bbox 424 2263 534 2324; x_wconf 89' lang='lat' dir='ltr'>summa</span> <span class='ocrx_word' id='word_1_78' title='bbox 549 2280 619 2323; x_wconf 82' lang='lat' dir='ltr'>cum-</span> <span class='ocrx_word' id='word_1_79' title='bbox 634 2261 823 2322; x_wconf 83' lang='lat' dir='ltr'>admiratione</span> <span class='ocrx_word' id='word_1_80' title='bbox 844 2261 1006 2324; x_wconf 80' lang='lat' dir='ltr'>laudentur.</span> 
     </span>
     <span class='ocr_line' id='line_1_14' title="bbox 322 2346 906 2418; baseline -0.007 -12"><span class='ocrx_word' id='word_1_81' title='bbox 322 2346 415 2418; x_wconf 76' lang='lat' dir='ltr'>,Vale.</span> <span class='ocrx_word' id='word_1_82' title='bbox 905 2381 906 2384; x_wconf 60' lang='lat'><em>=</em></span> 
     </span>
    </p>
   </div>
   <div class='ocr_carea' id='block_1_3' title="bbox 340 2478 988 2642">
    <p class='ocr_par' dir='ltr' id='par_1_3' title="bbox 340 2478 988 2642">
     <span class='ocr_line' id='line_1_15' title="bbox 340 2478 988 2548; baseline -0.003 -4"><span class='ocrx_word' id='word_1_83' title='bbox 340 2485 389 2548; x_wconf 79' lang='lat' dir='ltr'>M.</span> <span class='ocrx_word' id='word_1_84' title='bbox 431 2482 593 2546; x_wconf 77' lang='lat' dir='ltr'>Cacnao</span> <span class='ocrx_word' id='word_1_85' title='bbox 635 2479 677 2542; x_wconf 91' lang='lat' dir='ltr'>D.</span> <span class='ocrx_word' id='word_1_86' title='bbox 718 2479 865 2541; x_wconf 76' lang='lat' dir='ltr'>Eauao</span> <span class='ocrx_word' id='word_1_87' title='bbox 898 2478 988 2542; x_wconf 55' lang='lat' dir='ltr'>Iura</span> 
     </span>
     <span class='ocr_line' id='line_1_16' title="bbox 525 2577 812 2642; baseline -0.01 0"><span class='ocrx_word' id='word_1_88' title='bbox 525 2580 616 2642; x_wconf 89' lang='lat' dir='ltr'>Cos.</span> <span class='ocrx_word' id='word_1_89' title='bbox 656 2597 741 2640; x_wconf 73' lang='lat' dir='ltr'>nas.</span> <span class='ocrx_word' id='word_1_90' title='bbox 779 2577 812 2639; x_wconf 88' lang='lat' dir='ltr'>S.</span> 
     </span>
    </p>
   </div>
   <div class='ocr_carea' id='block_1_4' title="bbox 318 2695 1024 2937">
    <p class='ocr_par' dir='ltr' id='par_1_4' title="bbox 318 2695 1024 2937">
     <span class='ocr_line' id='line_1_17' title="bbox 318 2695 1024 2797; baseline -0.017 -17"><span class='ocrx_word' id='word_1_91' title='bbox 318 2729 366 2780; x_wconf 68' lang='lat' dir='ltr'>DE</span> <span class='ocrx_word' id='word_1_92' title='bbox 384 2727 469 2797; x_wconf 76' lang='lat' dir='ltr'>legaris</span> <span class='ocrx_word' id='word_1_93' title='bbox 490 2728 526 2774; x_wconf 80' lang='lat' dir='ltr'>ad·</span> <span class='ocrx_word' id='word_1_94' title='bbox 540 2723 672 2773; x_wconf 78' lang='lat' dir='ltr'>Antonium</span> <span class='ocrx_word' id='word_1_95' title='bbox 688 2724 717 2772; x_wconf 74' lang='lat' dir='ltr'>d‘c</span> <span class='ocrx_word' id='word_1_96' title='bbox 734 2739 800 2790; x_wconf 83' lang='lat' dir='ltr'>pace.</span> <span class='ocrx_word' id='word_1_97' title='bbox 813 2722 908 2779; x_wconf 79' lang='lat' dir='ltr'>missis,</span> <span class='ocrx_word' id='word_1_98' title='bbox 939 2739 1002 2791; x_wconf 62' lang='lat' dir='ltr'>quan</span> <span class='ocrx_word' id='word_1_99' title='bbox 1022 2695 1024 2699; x_wconf 15' lang='lat' dir='ltr'><em>V</em></span> 
     </span>
     <span class='ocr_line' id='line_1_18' title="bbox 353 2793 1002 2868; baseline -0.009 -17"><span class='ocrx_word' id='word_1_100' title='bbox 353 2819 397 2868; x_wconf 82' lang='lat' dir='ltr'>quc</span> <span class='ocrx_word' id='word_1_101' title='bbox 416 2801 447 2849; x_wconf 79' lang='lat' dir='ltr'>sir</span> <span class='ocrx_word' id='word_1_102' title='bbox 464 2797 564 2848; x_wconf 82' lang='lat' dir='ltr'>omnium</span> <span class='ocrx_word' id='word_1_103' title='bbox 581 2797 609 2843; x_wconf 83' lang='lat' dir='ltr'>dc</span> <span class='ocrx_word' id='word_1_104' title='bbox 626 2795 703 2844; x_wconf 80' lang='lat' dir='ltr'>Bruto</span> <span class='ocrx_word' id='word_1_105' title='bbox 722 2793 863 2860; x_wconf 76' lang='lat' dir='ltr'>cxspcc‘iario</span> <span class='ocrx_word' id='word_1_106' title='bbox 882 2796 914 2843; x_wconf 83' lang='lat' dir='ltr'>ad</span> <span class='ocrx_word' id='word_1_107' title='bbox 930 2794 1002 2846; x_wconf 61' lang='lat' dir='ltr'>libers·</span> 
     </span>
     <span class='ocr_line' id='line_1_19' title="bbox 355 2863 1002 2937; baseline -0.012 -15"><span class='ocrx_word' id='word_1_108' title='bbox 355 2888 427 2922; x_wconf 83' lang='lat' dir='ltr'>racem</span> <span class='ocrx_word' id='word_1_109' title='bbox 444 2868 625 2937; x_wconf 73' lang='lat' dir='ltr'>recuperandam</span> <span class='ocrx_word' id='word_1_110' title='bbox 642 2900 651 2923; x_wconf 66' lang='lat'>2</span> <span class='ocrx_word' id='word_1_111' title='bbox 668 2863 801 2934; x_wconf 78' lang='lat' dir='ltr'>perscribit.</span> <span class='ocrx_word' id='word_1_112' title='bbox 821 2868 894 2919; x_wconf 88' lang='lat' dir='ltr'>Anno</span> <span class='ocrx_word' id='word_1_113' title='bbox 914 2865 947 2920; x_wconf 82' lang='lat' dir='ltr'>U.</span> <span class='ocrx_word' id='word_1_114' title='bbox 971 2870 1002 2922; x_wconf 84' lang='lat' dir='ltr'>C.</span> 
     </span>
    </p>
   </div>
   <div class='ocr_carea' id='block_1_5' title="bbox 355 2963 415 3011">
    <p class='ocr_par' dir='ltr' id='par_1_5' title="bbox 355 2963 415 3011">
     <span class='ocr_line' id='line_1_20' title="bbox 355 2963 415 3011; baseline -0.017 -17"><span class='ocrx_word' id='word_1_115' title='bbox 355 2963 415 3011; x_wconf 81' lang='lat'>7¹⁰·</span> 
     </span>
    </p>
   </div>
   <div class='ocr_carea' id='block_1_6' title="bbox 231 3071 1010 3855">
    <p class='ocr_par' dir='ltr' id='par_1_6' title="bbox 283 3071 1010 3602">
     <span class='ocr_line' id='line_1_21' title="bbox 317 3071 1010 3222; baseline -0.003 -20"><span class='ocrx_word' id='word_1_116' title='bbox 317 3071 447 3202; x_wconf 75' lang='grc' dir='ltr'>8.Εο</span> <span class='ocrx_word' id='word_1_117' title='bbox 470 3159 606 3222; x_wconf 82' lang='lat' dir='ltr'>tempore</span> <span class='ocrx_word' id='word_1_118' title='bbox 625 3139 706 3202; x_wconf 86' lang='lat' dir='ltr'>Polla</span> <span class='ocrx_word' id='word_1_119' title='bbox 728 3159 778 3202; x_wconf 88' lang='lat' dir='ltr'>tua</span> <span class='ocrx_word' id='word_1_120' title='bbox 797 3143 894 3215; x_wconf 84' lang='lat' dir='ltr'>misit,</span> <span class='ocrx_word' id='word_1_121' title='bbox 914 3155 946 3198; x_wconf 92' lang='lat' dir='ltr'>ut</span> <span class='ocrx_word' id='word_1_122' title='bbox 962 3131 1010 3200; x_wconf 53' lang='lat' dir='ltr'>ad*</span> 
     </span>
     <span class='ocr_line' id='line_1_22' title="bbox 315 3221 1001 3305; baseline -0.006 -23"><span class='ocrx_word' id='word_1_123' title='bbox 315 3239 377 3295; x_wconf 71' lang='lat' dir='ltr'>te,</span> <span class='ocrx_word' id='word_1_124' title='bbox 407 3225 433 3282; x_wconf 87' lang='lat' dir='ltr'>si</span> <span class='ocrx_word' id='word_1_125' title='bbox 454 3222 524 3303; x_wconf 89' lang='lat' dir='ltr'>quid</span> <span class='ocrx_word' id='word_1_126' title='bbox 547 3221 797 3305; x_wconf 45' lang='lat' dir='ltr'>vellern,⁴darem</span> <span class='ocrx_word' id='word_1_127' title='bbox 816 3224 1001 3295; x_wconf 78' lang='lat' dir='ltr'>litterarum,</span> 
     </span>
     <span class='ocr_line' id='line_1_23' title="bbox 311 3301 1002 3441; baseline 0 -79"><span class='ocrx_word' id='word_1_128' title='bbox 311 3320 430 3441; x_wconf 57' lang='lat' dir='ltr'>guum,</span> <span class='ocrx_word' id='word_1_129' title='bbox 456 3303 525 3383; x_wconf 85' lang='lat' dir='ltr'>quid</span> <span class='ocrx_word' id='word_1_130' title='bbox 554 3301 730 3374; x_wconf 81' lang='lat' dir='ltr'>scriberem,</span> <span class='ocrx_word' id='word_1_131' title='bbox 760 3323 822 3363; x_wconf 89' lang='lat' dir='ltr'>non</span> <span class='ocrx_word' id='word_1_132' title='bbox 845 3301 1002 3362; x_wconf 76' lang='lat' dir='ltr'>habebam.</span> 
     </span>
     <span class='ocr_line' id='line_1_24' title="bbox 283 3380 1000 3462; baseline 0.004 -27"><span class='ocrx_word' id='word_1_133' title='bbox 283 3428 286 3435; x_wconf 77' lang='grc'>,</span> <span class='ocrx_word' id='word_1_134' title='bbox 352 3386 429 3440; x_wconf 86' lang='lat' dir='ltr'>mnia</span> <span class='ocrx_word' id='word_1_135' title='bbox 451 3383 529 3441; x_wconf 84' lang='lat' dir='ltr'>enim</span> <span class='ocrx_word' id='word_1_136' title='bbox 548 3399 630 3440; x_wconf 81' lang='lat' dir='ltr'>erant</span> <span class='ocrx_word' id='word_1_137' title='bbox 655 3380 784 3461; x_wconf 85' lang='lat' dir='ltr'>suspensa</span> <span class='ocrx_word' id='word_1_138' title='bbox 805 3399 923 3462; x_wconf 88' lang='lat' dir='ltr'>propter</span> <span class='ocrx_word' id='word_1_139' title='bbox 945 3399 1000 3439; x_wconf 70' lang='lat' dir='ltr'>cub</span> 
     </span>
     <span class='ocr_line' id='line_1_25' title="bbox 313 3457 998 3602; baseline -0.007 -80"><span class='ocrx_word' id='word_1_140' title='bbox 313 3460 520 3602; x_wconf 50' lang='lat' dir='ltr'>spedanonem</span> <span class='ocrx_word' id='word_1_141' title='bbox 545 3462 706 3542; x_wconf 82' lang='lat' dir='ltr'>legatorum</span> <span class='ocrx_word' id='word_1_142' title='bbox 727 3482 737 3534; x_wconf 91' lang='lat'>;</span> <span class='ocrx_word' id='word_1_143' title='bbox 761 3466 810 3544; x_wconf 87' lang='lat' dir='ltr'>qui</span> <span class='ocrx_word' id='word_1_144' title='bbox 837 3460 907 3541; x_wconf 85' lang='lat' dir='ltr'>quid</span> <span class='ocrx_word' id='word_1_145' title='bbox 924 3457 998 3540; x_wconf 66' lang='lat' dir='ltr'>egis»</span> 
     </span>
    </p>

    <p class='ocr_par' dir='ltr' id='par_1_7' title="bbox 231 3541 1005 3855">
     <span class='ocr_line' id='line_1_26' title="bbox 346 3541 998 3615; baseline -0.002 -15"><span class='ocrx_word' id='word_1_146' title='bbox 346 3561 399 3615; x_wconf 87' lang='lat' dir='ltr'>nt,</span> <span class='ocrx_word' id='word_1_147' title='bbox 417 3542 487 3602; x_wconf 83' lang='lat' dir='ltr'>nihil</span> <span class='ocrx_word' id='word_1_148' title='bbox 505 3541 577 3600; x_wconf 91' lang='lat' dir='ltr'>dum</span> <span class='ocrx_word' id='word_1_149' title='bbox 592 3542 784 3602; x_wconf 83' lang='lat' dir='ltr'>nuntiabatur.</span> <span class='ocrx_word' id='word_1_150' title='bbox 804 3542 876 3600; x_wconf 82' lang='lat' dir='ltr'>Haec</span> <span class='ocrx_word' id='word_1_151' title='bbox 898 3556 998 3599; x_wconf 89' lang='lat' dir='ltr'>tamen</span> 
     </span>
     <span class='ocr_line' id='line_1_27' title="bbox 231 3618 1004 3703; baseline -0.003 -23"><span class='ocrx_word' id='word_1_152' title='bbox 231 3661 244 3697; x_wconf 64' lang='lat'><em>3</em></span> <span class='ocrx_word' id='word_1_153' title='bbox 313 3621 464 3703; x_wconf 64' lang='lat' dir='ltr'>scribenda</span> <span class='ocrx_word' id='word_1_154' title='bbox 488 3618 667 3694; x_wconf 82' lang='lat' dir='ltr'>existimavi·,</span> <span class='ocrx_word' id='word_1_155' title='bbox 691 3624 816 3702; x_wconf 82' lang='lat' dir='ltr'>pn&#39;miun</span> <span class='ocrx_word' id='word_1_156' title='bbox 841 3621 1004 3695; x_wconf 62' lang='lat' dir='ltr'>senatum,</span> 
     </span>
     <span class='ocr_line' id='line_1_28' title="bbox 315 3699 1001 3783; baseline -0.001 -22"><span class='ocrx_word' id='word_1_157' title='bbox 315 3701 517 3783; x_wconf 80' lang='lat' dir='ltr'>populumque</span> <span class='ocrx_word' id='word_1_158' title='bbox 543 3700 709 3763; x_wconf 78' lang='lat' dir='ltr'>Romanum</span> <span class='ocrx_word' id='word_1_159' title='bbox 729 3703 766 3762; x_wconf 89' lang='lat' dir='ltr'>de</span> <span class='ocrx_word' id='word_1_160' title='bbox 786 3718 816 3760; x_wconf 84' lang='lat' dir='ltr'>te</span> <span class='ocrx_word' id='word_1_161' title='bbox 838 3699 974 3760; x_wconf 82' lang='lat' dir='ltr'>laborare·</span> <span class='ocrx_word' id='word_1_162' title='bbox 985 3744 1001 3772; x_wconf 80' lang='grc'><em>,</em></span> 
     </span>
     <span class='ocr_line' id='line_1_29' title="bbox 314 3778 1005 3855; baseline 0 -14"><span class='ocrx_word' id='word_1_163' title='bbox 314 3802 377 3842; x_wconf 83' lang='lat' dir='ltr'>uon</span> <span class='ocrx_word' id='word_1_164' title='bbox 404 3782 498 3844; x_wconf 83' lang='lat' dir='ltr'>folirm</span> <span class='ocrx_word' id='word_1_165' title='bbox 518 3780 615 3844; x_wconf 71' lang='lat' dir='ltr'>saluis</span> <span class='ocrx_word' id='word_1_166' title='bbox 629 3782 688 3844; x_wconf 78' lang='lat' dir='ltr'>suaa</span> <span class='ocrx_word' id='word_1_167' title='bbox 708 3781 822 3854; x_wconf 67' lang='lat' dir='ltr'>causa,</span> <span class='ocrx_word' id='word_1_168' title='bbox 843 3778 895 3842; x_wconf 79' lang='lat' dir='ltr'>sed</span> <span class='ocrx_word' id='word_1_169' title='bbox 906 3783 1005 3855; x_wconf 75' lang='lat' dir='ltr'>etiam.</span> 
     </span>
    </p>
   </div>
   <div class='ocr_carea' id='block_1_7' title="bbox 0 0 1210 5492">
    <p class='ocr_par' dir='ltr' id='par_1_8' title="bbox 0 0 1210 5492">
     <span class='ocr_line' id='line_1_30' title="bbox 0 0 1210 5492; baseline 0 3"><span class='ocrx_word' id='word_1_170' title='bbox 0 0 1210 5492; x_wconf 95' lang='lat' dir='ltr'> </span> 
     </span>
    </p>
   </div>
  </div>
 </body>
</html>
