2409 5492
306 1243 368 1294 Ao
389 1224 435 1317 Q.
450 1225 653 1294 Frarnarr
667 1225 753 1295 Lm.
767 1225 796 1294 l.
826 1246 900 1321 319

212 1341 259 1402 dis
276 1337 330 1422 (ut
347 1338 422 1420 saepe
440 1336 477 1399 ad
492 1353 521 1398 te
536 1335 655 1420 scripsi)
671 1342 793 1401 nimium
809 1360 838 1402 te
856 1345 905 1402 in·

211 1421 395 1483 exorabilem
411 1416 571 1501 praebuisti:
588 1420 658 1480 tolle
675 1442 778 1482 omnes
787 1466 796 1495 ,
809 1423 832 1480 si
848 1443 903 1503 po·

210 1520 276 1576 tes,
287 1504 419 1581 iniquas,
431 1499 502 1560 tolle
521 1502 684 1574 inusitatas,
698 1502 768 1562 tolle
786 1520 900 1563 contra·
986 1543 991 1552 ·

210 1585 279 1642 rias.
301 1581 408 1642 Statius
432 1579 503 1640 mihi
525 1582 651 1640 narravit
674 1581 787 1662 scriptas
808 1583 845 1641 ad
868 1601 899 1644 te

211 1660 305 1723 solete
332 1659 449 1733 afferri,
469 1660 506 1718 ab
530 1658 559 1719 se
584 1660 663 1742 legi,
681 1661 731 1735 dt,
749 1665 773 1721 si
792 1665 901 1744 iniquae

212 1745 290 1817 sint,
305 1738 371 1802 fieri
394 1758 425 1799 te
450 1739 628 1800 certiorem:
650 1759 804 1821 antequam
825 1743 899 1804 veih

211 1820 274 1902 ipse
292 1821 332 1880 ad
352 1840 383 1881 te
402 1817 541 1892 venisset,
557 1820 669 1879 nullum
689 1821 832 1882 deleslum
849 1824 902 1882 lit-

212 1920 340 1962 terarum
360 1899 465 1960 fuisse:
485 1919 522 1960 ex
542 1918 580 1960 eo
604 1898 660 1961 esse
681 1902 832 1962 volumina
853 1902 903 1963 se·

213 1979 351 2041 ledarum
368 1979 571 2060 epistolarum,
584 2001 649 2062 quae
667 1982 840 2061 reprehendi
859 1982 904 2043 so·

213 2062 317 2123 letent.
335 2059 404 2119 Hoc
422 2061 460 2120 de
482 2080 589 2141 genere
611 2060 680 2120 nihil
700 2078 729 2121 te
749 2084 825 2122 nunc
838 2066 903 2144 qui-

214 2141 283 2202 dem
301 2160 412 2201 moneo
426 2161 437 2213 ·‚
456 2139 518 2199 setd
537 2139 578 2200 est
593 2143 692 2216 enim,
705 2163 738 2201 ac
756 2143 828 2203 scire
844 2166 902 2224 po-

215 2239 260 2282 tes
274 2221 367 2280 multa
378 2240 426 2280 me
436 2220 516 2280 varie
530 2219 738 2303 diligenterque
751 2223 903 2300 monuisse.

216 2299 420 2374 Illudtamen‚
435 2301 515 2380 quod
531 2299 730 2382 Theopompo
746 2305 904 2381 mandavi,

216 2402 308 2463 quum
327 2379 415 2442 essem
433 2381 596 2442 admonitus
615 2384 651 2441 ab
668 2383 746 2463 ips0,
760 2384 829 2445 vide
849 2405 906 2466 pet

214 2462 351 2522 homines
371 2477 500 2520 amantes
521 2463 581 2535 tui,
595 2461 676 2541 quod
697 2461 737 2523 est
756 2463 858 2536 facile,
871 2481 905 2525 ut

214 2543 278 2602 haec
293 2560 401 2623 genera
415 2540 552 2601 tollantur
565 2540 765 2622 epistolarum,
776 2546 904 2623 primum

214 2624 256 2683 ini
278 2642 399 2694 uarum,
414 2620 518 2680 deinde
537 2625 835 2694 contrariarum‚tum
853 2624 905 2682 ab·

214 2643 300 2777 surde
315 2702 493 2761 &inusitate
511 2700 696 2781 scriptarum,
710 2699 855 2781 postremo
872 2705 905 2765 in

215 2782 346 2864 aliquem
363 2779 645 2841 contumeliosamm.
660 2781 759 2862 Atque
772 2803 828 2865 ego
842 2783 905 2844 haec

216 2881 277 2923 tam
296 2861 375 2934 else,
389 2863 476 2943 quam
496 2862 604 2935 audio,
618 2884 678 2922 non
697 2879 793 2942 puto;
812 2864 861 2936 &‚
877 2867 901 2926 si

216 2943 280 3003 sunt
303 2943 544 3022 occupationibus
569 2945 623 3003 tuis
649 2944 743 3004 miniis
768 2944 905 3004 animad-

217 3022 317 3096 versa,
330 3043 404 3082 nunc
422 3022 568 3103 perspice,
581 3024 612 3082 dc
627 3045 680 3102 pur
702 3047 728 3082 a.
746 3023 817 3107 Legi
836 3029 905 3106 epi·

217 3101 337 3176 stolam,
350 3123 437 3184 quam
456 3104 514 3182 ipse
533 3102 668 3183 scripsisse
682 3045 762 3163 {ulla
781 3127 907 3165 nomen·

218 3184 311 3244 clator
334 3183 425 3243 dietus
449 3182 509 3256 est,
525 3206 585 3243 non
598 3185 790 3321 (probandam
812 3206 818 3241 :
844 3187 903 3264 legi

219 3263 371 3324 nonnullas
387 3265 545 3323 iracundas.
559 3263 594 3323 Se
634 3281 767 3343 tempore
784 3263 846 3343 ipso
866 3266 903 3324 de

219 3343 358 3424 epistolis.
375 3341 452 3401 Nam
471 3365 559 3426 quum
576 3343 650 3402 hanc
669 3345 802 3424 paginam
821 3362 908 3404 rene·

220 3445 299 3499 rem,
316 3423 350 3483 L.
359 3422 473 3483 Flavius
493 3442 599 3504 ptaetor
619 3423 783 3504 designatus
803 3424 907 3483 adme

220 3505 414 3577 venit‚homo
427 3504 497 3563 mihi
511 3504 596 3565 valde
611 3503 765 3564 familiaris.
775 3502 803 3562 Is
817 3504 906 3577 mihi,

221 3599 251 3644 te
271 3586 309 3646 ad
333 3601 536 3665 procuratores
561 3584 627 3643 suos
653 3585 758 3643 litteras
781 3581 906 3655 misisse,

223 3684 282 3809 quae
299 3666 372 3724 mihi
388 3664 455 3724 visae
475 3664 537 3723 sunt
556 3664 741 3743 iniquissimae
755 3681 764 3734 ;
780 3683 817 3724 ne
837 3663 906 3743 quid

164 3758 165 3767 ¹
243 3746 376 3820 ebonis,
388 3766 452 3828 quae
466 3743 626 3807 hottavti
643 3743 765 3805 Nasonis
782 3743 907 3821 fuissent,

727 3823 806 3887 Oiv
