2409 5492
340 1261 405 1328 'An
418 1262 653 1350 Fruitur.
669 1265 759 1332 zia.
773 1261 860 1335 XII.
893 1265 944 1356 89

253 1372 298 1434 bui
317 1376 468 1434 rationem
499 1374 647 1455 dignitatis
671 1391 748 1434 tuae:
774 1376 844 1436 mihi
863 1381 945 1439 enirn

258 1452 302 1515 est·
321 1452 449 1514 affensus
474 1453 590 1516 senatus
615 1454 652 1513 de
680 1456 844 1517 obtinendis
872 1453 946 1537 pro'·

260 1536 365 1596 vinciis.
389 1534 459 1595 Nec
481 1535 556 1595 verb
581 1533 684 1614 postea
708 1535 800 1596 destiti
818 1536 946 1599 labefac-

261 1633 311 1676 trre
340 1636 436 1689 eum,
459 1617 511 1695 qui
531 1614 643 1674 summa
660 1635 726 1675 curn
751 1633 800 1677 tua
816 1615 943 1696 injuria,

266 1697 493 1774 contumeliaque
511 1695 691 1775 reipublicae‚
704 1700 880 1775 provinciam
897 1701 945 1769 ab·

219 1788 220 1799 ¹
266 1775 320 1836 lens
337 1775 502 1836 obtinebat.
528 1775 630 1856 ltaque
649 1776 785 1851 crebras,
815 1779 864 1838 vel
887 1799 959 1858 po-¹

270 1859 317 1914 tus
331 1855 513 1938 quotidianas
529 1855 769 1935 compellationes
786 1877 865 1917 meas
880 1878 940 1918 non

272 1936 347 2009 tulit,
372 1936 461 2015 seque
491 1938 523 1994 in
548 1937 659 1994 urbem
678 1939 789 2016 recepit
810 1939 916 1997 invitus
935 1956 945 2011 3

274 2038 288 2073 n
336 2016 465 2077 esoliun
487 2014 563 2095 spe,
588 2014 638 2075 sed
660 2017 738 2077 certi
760 2036 792 2076 re
810 2015 888 2094 jam,
911 2019 944 2077 δι

276 2116 303 2174 po
340 2099 437 2157 ssione
460 2096 631 2156 deturbatus
657 2095 707 2156 est.
733 2095 804 2157 Meo
824 2095 946 2176 jutissi·

278 2197 344 2249 no,
371 2173 634 2254 honestissimoque
656 2178 789 2245 convicio
812 2196 842 2237 te
865 2194 944 2237 nram

282 2257 455 2338 dignitatem,
482 2255 594 2314 summi
614 2257 664 2315 tud
679 2260 783 2317 virtute
800 2256 916 2317 tonuifi'e
934 2302 944 2331 ‚

282 2340 476 2417 provinciaeque
489 2334 648 2396 honoribus
662 2338 843 2418 amplissimis
859 2336 946 2397 affec·

286 2434 350 2489 tum,
364 2418 555 2479 vehementer
573 2417 697 2498 gaudeo.
718 2417 812 2496 Qubd
828 2436 856 2478 te
871 2418 943 2487 mihi

289 2495 503 2578 dte-Sempronio
533 2517 668 2578 purgas,
691 2500 803 2578 accipio
824 2497 946 2558 excusu-

289 2577 392 2636 tionern:
409 2576 463 2636 fuit
481 2578 559 2636 enirn
581 2577 652 2635 illud
672 2579 820 2659 quoddam
837 2598 945 2636 caecum

287 2672 381 2736 tempus
406 2657 558 2719 servitutis.
577 2655 642 2738 Ego
655 2676 782 2717 tuorum
807 2658 947 2715 consilio·

288 2756 338 2793 run
352 2736 462 2811 anaor,-
492 2735 694 2818 dig'nitatisque
712 2736 808 2797 fautor
820 2756 843 2809 ,·
859 2738 946 2796 iratus

290 2817 464 2895 temporibus,
491 2819 523 2876 in
543 2814 710 2893 Graeciam,
739 2817 886 2898 desperata
914 2818 948 2877 li·

290 2893 407 2970 berete,
430 2896 591 2978 rapiebam
616 2919 705 2978 quum
732 2919 780 2959 me
810 2896 946 2971 Etesiae‚

289 2979 355 3056 quasi
371 2978 439 3039 honi
466 2980 570 3051 cives,
592 2979 806 3061 relinquentem
829 2984 947 3058 teinpu-

220 3056 223 3101 3
284 3056 382 3136 iliram,
402 3058 538 3141 prosequi
570 3060 757 3133 noluerunt3
786 3057 946 3138 Austerque

284 3137 400 3201 adversus
430 3142 560 3199 maximo
590 3140 660 3200 flatu
688 3162 735 3202 me
762 3140 798 3198 ad
828 3140 948 3198 tribules

283 3234 335 3279 tuos
357 3219 484 3303 Regium
508 3219 625 3279 retulit:
644 3236 674 3280 at
694 3220 731 3282 ¹ue
749 3220 816 3278 inde
833 3220 949 3289 ventis,

281 3302 353 3359 remis
371 3303 401 3361 in
415 3302 550 3380 :patriam
572 3304 654 3359 omni
674 3241 855 3362 destinatione
880 3318 950 3376 pro·

280 3382 389 3457 peravi,
414 3378 611 3460 postridieque
631 3382 662 3439 in
687 3381 795 3441 summa
818 3377 950 3455 reliquo·

282 3479 335 3517 rum
352 3460 487 3538 servitute
509 3460 583 3519 liber
601 3482 678 3521 unus.
696 3461 747 3522 fui.
774 3458 821 3519 Sic
841 3457 902 3516 sum
918 3459 949 3516 in

279 3535 427 3603 Antonium
451 3539 585 3600 invenus
608 3559 673 3613 ‚ut
688 3543 737 3602 ille
756 3560 815 3599 non
831 3536 919 3596 ferret
940 3583 951 3612 ‚

276 3639 444 3703 omnemque
465 3619 549 3680 suurn
570 3622 751 3681 vinolentum
772 3618 899 3679 furorem
918 3619 948 3678 in

273 3719 316 3759 rne
333 3724 420 3762 unum
442 3699 629 3773 effunderet;
655 3721 759 3781 meque
788 3718 877 3778 quum
897 3699 952 3758 eli·

273 3799 334 3843 tere
354 3783 448 3846 vellet
472 3779 511 3843 ad
529 3781 614 3842 cadis
632 3781 761 3857 causam,
782 3799 844 3840 tum
859 3795 952 3850 tenta<
