2409 5492
247 1274 325 1351 370
396 1252 773 1328 Errsrornnrnr

246 1388 326 1434 curat
339 1371 417 1427 enirn
432 1366 650 1447 diligentissimi
660 1362 789 1439 casius,
810 1367 863 1448 qui
874 1386 944 1433 tum

249 1470 366 1510 mecum
383 1461 446 1506 luit.

287 1529 324 1589 ll.
339 1528 429 1588 Exeo
440 1528 509 1587 loco
520 1524 595 1585 reffi
606 1571 616 1598 ‚
626 1525 769 1587 Vimlarii
777 1530 848 1603 vii,
864 1552 940 1609 pro.

245 1608 312 1671 fec‘ti
328 1608 423 1669 sumus
437 1611 468 1667 in
483 1605 665 1666 Fufilianum
682 1607 826 1682 fundum,
845 1631 938 1689 quem

245 1693 300 1751 tibi
326 1693 465 1769 proximis
490 1690 595 1747 nuntiis
622 1692 727 1769 Arpini
755 1689 794 1749 de
821 1690 937 1752 Fufidio

247 1770 334 1835 H-S
364 1788 512 1831 cccraaa
544 1788 717 1828 emeramus.
743 1768 810 1851 Ego
837 1772 938 1831 locum

248 1850 344 1911 aestate
363 1852 574 1911 umbrosiorem
595 1848 654 1908 ridi
671 1871 831 1931 numquam
847 1872 856 1924 ;
871 1872 934 1931 per·

250 1937 349 1992 multis
370 1935 443 1992 locis
467 1952 568 2011 aquarn
583 1931 799 2010 profluentem,
826 1932 857 1990 &
870 1951 935 1991 earn

248 2014 379 2076 uberem.
393 2011 477 2091 Quid
487 2014 589 2092 quaeris
602 2012 614 2069 l
633 2010 738 2094 Iugera
749 2031 769 2071 1.
778 2014 854 2091 prati
866 2010 932 2071 Ca·

251 2096 308 2154 sius
320 2098 498 2175 irrigaturum
508 2092 590 2151 facile
598 2109 628 2152 te
639 2093 840 2153 arbitrabatur.
854 2092 933 2174 Equi·

251 2174 318 2233 dem
330 2174 403 2245 boc,
421 2183 498 2252 quod
515 2175 617 2231 melius
636 2174 767 2255 intelligo
780 2219 790 2246 ‚
802 2172 932 2247 affirmo,

250 2253 371 2312 mirifica
396 2253 534 2312 suavitate
560 2272 590 2312 te
615 2254 715 2311 villam
741 2255 933 2327 habimmm,

250 2334 359 2414 piscini
382 2333 591 2393 &salientibus
609 2335 733 2396 additis.
754 2333 884 2413 palaestra
903 2334 933 2393 ὃ(

250 2415 326 2473 silva
337 2415 493 2474 vindicata.
506 2414 638 2473 Fundum
648 2415 733 2473 audio
744 2434 774 2474 te
787 2416 866 2475 hunc
878 2413 933 2474 Βο-

251 2497 388 2555 villanum
407 2496 484 2555 velle
508 2514 633 2555 retinere
652 2517 660 2553 :
682 2494 720 2553 de
736 2515 776 2554 eo
797 2497 872 2575 quid
887 2496 933 2555 ri-

252 2577 372 2650 deatur,
392 2576 451 2655 ipse
477 2574 640 2635 constirues.
667 2574 779 2635 Calvus
808 2579 932 2649 aiebat,

251 2660 325 2738 aqua
343 2658 481 2738 dempta,
498 2659 529 2717 δι
545 2654 607 2733 ejus
620 2677 700 2735 aquae
717 2653 780 2732 jure
797 2655 936 2716 constitus

251 2758 307 2812 to,
326 2737 510 2798 &servitute
529 2738 621 2798 fundo
646 2737 687 2795 illi
706 2738 868 2815 imposita,
888 2755 933 2797 ta·

252 2840 320 2878 men
341 2841 394 2876 nos
415 2823 540 2897 pretinm
562 2818 672 2877 servare
694 2817 796 2897 polle,
819 2822 844 2876 si
864 2838 932 2877 ven·

251 2899 321 2957 dere
337 2901 488 2957 vellemus.
508 2899 679 2957 Messidium
700 2919 815 2957 mecum
830 2900 932 2957 habui:

250 2980 275 3040 is
293 2978 320 3037 se
337 2982 424 3037 ternis
438 2981 561 3037 nummis
578 2981 607 3036 in
623 2980 731 3058 pedem
749 2997 848 3038 return
860 2999 932 3038 trans

251 3058 337 3142 egille
357 3058 491 3119 dicebat:
510 3057 567 3117 sese
586 3077 682 3118 autern
704 3061 835 3119 menlirm
851 3060 933 3140 pedi·

252 3139 306 3199 bus
321 3140 414 3199 aiebat
431 3137 557 3220 palluum
570 3156 608 3197 111
621 3140 743 3199 millibus
759 3160 766 3197 :
787 3142 858 3198 mihi
873 3141 934 3219 plus

251 3221 342 3283 visum
362 3218 402 3281 est
421 3240 428 3278 τ
444 3220 494 3279 sed
517 3218 680 3299 praestabo,
701 3219 847 3298 sumptum
869 3218 934 3279 nus-

251 3324 338 3383 quam
351 3302 452 3361 melilrs
469 3300 547 3380 polle
565 3304 644 3380 poni.
662 3300 820 3359 Chilonem
839 3299 935 3361 arcel‘-

251 3387 354 3443 sieram
375 3381 505 3442 Venafro
525 3402 533 3439 τ
552 3381 599 3441 sed
620 3403 656 3441 eo
675 3381 735 3461 ipso
752 3383 798 3440 die
811 3401 938 3461 quatuor

252 3462 314 3542 ejus
331 3461 486 3524 conservos
507 3463 539 3520 &
561 3462 712 3541 discipulos
738 3461 859 3520 Venafri
885 3484 936 3521 cu-

250 3547 359 3605 niculus
378 3542 562 3624 opprellerat.
582 3544 679 3603 ldibus
696 3542 777 3621 Sept.
800 3546 830 3601 in
851 3543 938 3603 Late-

250 3628 294 3685 rio
311 3627 458 3686 fuitviam
479 3626 609 3706 perspexi
627 3644 635 3696 ;
653 3643 716 3704 quae
733 3623 804 3681 mihi
816 3626 857 3681 ira
869 3625 937 3761 pla·

251 3709 329 3778 cuit,
347 3725 377 3766 ut
401 3727 475 3786 opus
504 3706 651 3784 publicum
677 3704 825 3764 videretur
851 3724 867 3763 e
892 3725 937 3777 e,

249 3803 353 3862 praeter
373 3804 412 3847 cr.
436 3784 552 3866 pallus:
577 3787 639 3845 sum
656 3789 734 3846 enirn
745 3784 804 3865 ipse
819 3784 935 3846 mensus
