2409 5492
278 1291 340 1343 An
361 1270 587 1340 Faunum.
606 1268 787 1342 1113.th
814 1268 867 1346 2?
870 1296 888 1369 3

206 1388 289 1446 umis
306 1384 420 1458 essent,
442 1386 474 1444 δι
492 1402 521 1443 ut
540 1383 627 1445 hostis
646 1389 689 1459 is,
709 1390 757 1469 qni
777 1387 845 1451 esset
861 1390 890 1451 in

216 1466 309 1547 Syria,
332 1465 444 1540 sciret,
466 1468 624 1535 exereitum
645 1470 746 1547 populi
766 1467 892 1531 Romani

215 1568 264 1606 non
284 1546 382 1606 modo
402 1566 464 1604 non
482 1545 586 1607 cedere
601 1546 644 1605 his
660 1551 765 1607 nuntiis
781 1549 891 1624 allatis,

214 1625 254 1687 sed
267 1630 359 1687 etiam
376 1627 497 1706 propiis
511 1625 666 1698 decedere3
680 1630 837 1688 exercitum
853 1631 891 1691 a'd

213 1704 334 1767 Taurum
351 1703 461 1779 institui
474 1704 590 1765 ducere.
605 1704 680 1777 Sed,
695 1711 718 1766 si
732 1710 800 1789 quid
813 1712 891 1791 apud

213 1808 258 1847 vos
279 1785 436 1846 audieritis
466 1803 533 1845 mea
558 1786 696 1867 ponderis
718 1788 832 1862 habet,
860 1794 889 1849 in

214 1868 240 1926 iis
263 1865 424 1947 prasertim
449 1866 557 1935 rebus,
573 1885 654 1945 quas
672 1878 728 1926 vos
751 1867 863 1927 audistis
881 1915 892 1944 ,

214 1965 261 2027 ego
282 1966 364 2026 pene
394 1965 483 2005 cerno
503 1948 644 2039 ;'magno
667 1966 759 2026 opere
786 1948 892 2008 vos&

215 2025 305 2086 honor
320 2027 355 2086 ἃ
376 2044 509 2094 moneo,
525 2042 557 2084 ut
574 2026 617 2084 lus
633 2029 788 2106 provinciis
804 2027 891 2090 serius

214 2126 259 2165 vos
275 2106 401 2188 quidem
412 2103 531 2185 ‚quim
545 2104 660 2178 decuit,
677 2106 725 2166 sod
738 2108 892 2187 aliquando

215 2202 303 2247 tamen
320 2184 491 2246 consulatis.¹
506 2183 569 2244 Nos
586 2187 831 2266 quemadmodum
845 2192 891 2249 in-

215 2264 348 2339 nuum,
370 2266 404 2325 &
424 2266 528 2345 quibus
548 2267 686 2344 presidiis
705 2270 831 2328 munitos
854 2264 891 2329 ud

216 2348 277 2406 tanti
295 2344 369 2406 belli
387 2347 556 2425 opinionem
577 2344 731 2420 miseritis,
749 2369 809 2407 non
828 2346 892 2409 estis

216 2426 322 2507 ignari:
350 2427 435 2505 quod
451 2444 511 2563 ,εέο
531 2428 681 2507 negotium
699 2447 758 2486 non
777 2426 891 2488 stultitii

217 2506 405 2578 obcaecatus,
433 2504 461 2565 se
510 2506 686 2565 verecundia
714 2506 891 2581 deterritus',

216 2605 268 2647 non
282 2585 432 2656 recusavi3
449 2604 543 2664 neque
555 2589 633 2644 enim
649 2605 785 2664 umquam
800 2588 891 2646 ullum

217 2666 370 2745 penculum
387 2682 497 2737 tantum
515 2668 635 2744 putavi,
653 2665 732 2745 quod
750 2666 892 2741 subteiffu·

217 2765 275 2826 gere
307 2744 429 2806 mallem
445 2746 466 2817 ,’
485 2742 571 2826 quim
600 2742 702 2805 vestrae
733 2744 893 2821 audonitati

216 2824 425 2907 obtemperare.
438 2824 505 2905 Hoc
518 2843 614 2885 autem
628 2843 760 2906 tempore
776 2846 821 2886 res
835 2825 891 2888 sese

217 2908 251 2964 sit
263 2906 370 2981 habet,
385 2906 483 2965 ut'nisi
494 2909 652 2965 exercitum
666 2925 792 2978 tantum,
806 2929 893 2987 quan·

217 3002 271 3045 nnn
287 2988 328 3047 ad
347 2988 505 3045 maximum
522 2985 630 3045 bellum
647 2990 760 3047 mittere
777 2987 891 3062 soletis,

217 3068 321 3127 mature
343 3067 372 3125 in
396 3065 446 3124 has
466 3067 628 3144 provincias
647 3066 796 3140 miseritis,
814 3068 893 3127 sum·

218 3166 291 3205 mum
314 3146 477 3228 periculum
498 3147 559 3216 sit,
587 3166 626 3205 ne
648 3148 812 3207 amittendae
835 3151 892 3205 sint

219 3246 315 3287 omnes
338 3226 383 3284 hae
405 3227 590 3305 provinciae,
615 3226 716 3305 quibus
741 3226 892 3305 vedigalia

218 3306 314 3385 populi
334 3304 461 3365 Romani
479 3308 669 3364 continentur.
687 3304 893 3382 Quamobrem

218 3402 309 3445 amem
342 3388 373 3445 in
402 3385 461 3443 hoc
485 3386 654 3464 provinciali
678 3383 790 3443 delediu
813 3383 892 3463 spem

220 3462 342 3525 habenis
363 3464 510 3543 aliquam,
532 3462 612 3523 causa
628 3464 705 3523 nulla
724 3464 779 3524 est:
798 3482 893 3542 neque

220 3544 300 3603 multi
315 3542 401 3616 sunt,
419 3543 450 3601 &
467 3541 638 3625 diffugiunt,
652 3547 703 3624 qui
717 3543 796 3616 sunt,
813 3560 894 3602 metu

219 3624 328 3685 oblato:
347 3625 402 3697 &‚
420 3624 501 3703 quod
517 3644 606 3705 genus
626 3625 682 3682 hoc
698 3624 819 3681 militum
835 3624 891 3696 sit,

219 3704 352 3765 indicavit
380 3707 425 3763 vir
449 3701 618 3763 fortissimus
649 3702 693 3762 M.
723 3701 839 3762 Bibulus
862 3704 893 3764 in

220 3782 286 3845 Asia
307 3805 319 3859 ;
347 3786 425 3866 qui,
450 3804 539 3865 quum
559 3804 615 3847 vos
634 3786 662 3844 ei
684 3781 895 3864 permiserim,
