2409 5492
321 1174 401 1256 nr
432 1195 740 1272 connium.
773 1190 777 1195 ’
832 1212 907 1278 525,

244 1312 315 1359 442,
335 1312 361 1362 9.
377 1299 418 1348 Ex
434 1298 519 1347 Furio
541 1298 628 1359 nostro.
647 1300 670 1350 A
687 1316 736 1366 quo
753 1301 888 1367 {ppellatus

208 1369 319 1429 Atticus,
337 1384 364 1420 ut
381 1372 488 1421 aerarium
499 1371 528 1419 ab
538 1370 658 1436 equitibus
669 1372 784 1424 Romanis
794 1407 802 1432 ‚
812 1373 889 1422 Bruto

178 1469 182 1478 ,
208 1444 235 1494 &
244 1443 313 1494 sociis
330 1443 515 1495 constitueretur
526 1476 533 1503 ,
545 1444 637 1494 abnuit.
652 1445 718 1496 Vide
734 1445 810 1496 Corn.
822 1447 889 1512 Nep.

209 1532 263 1582 cap.
286 1516 312 1566 8.

174 1644 178 1652 ¹
244 1601 316 1650 443,
338 1602 379 1653 17.
394 1587 488 1639 Dubia.
508 1586 549 1637 De
565 1588 694 1654 profligato
711 1589 828 1640 Antonio.

244 1660 307 1709 lbid.
321 1673 365 1724 31.
385 1661 470 1728 Diligi
485 1658 522 1726 st.
538 1659 716 1728 Pronomenst
737 1663 842 1712 omissum
865 1662 890 1714 iu

208 1733 312 1799 vulgatis
330 1732 473 1792 restituimus
490 1750 522 1784 ex
533 1733 605 1800 regiis
619 1734 644 1784 &
655 1735 740 1783 Faerni
755 1735 889 1785 codicibus.

245 1818 296 1869 453
311 1839 319 1865 ‚
338 1821 383 1856 21.
396 1807 456 1856 Non
466 1805 519 1857 trit.
530 1807 624 1872 Nempe
634 1808 829 1857 commorandum
840 1807 891 1858 issis

210 1878 251 1928 ubi
271 1894 308 1928 es.

247 1950 315 2011 46ο,
338 1965 380 2000 ιο.
392 1950 546 2018 Aggrtdertr.
564 1950 592 2000 ln
609 1949 715 2016 patiendi
735 1949 892 2019 significatio·

164 2032 178 2079 ᾗ
211 2039 263 2081 ne,
278 2034 305 2071 ut
318 2036 387 2073 notat
399 2022 539 2074 Priscianus.

247 2094 297 2156 461
311 2127 318 2153 ‚
335 2095 379 2145 26.
390 2097 449 2146 Non
459 2097 487 2144 dt
497 2095 600 2146 exercitu
609 2096 730 2146 retinendo
742 2094 811 2147 tutti.
824 2095 891 2166 Lege

212 2184 244 2218 ex
260 2166 398 2233 conjeiiura
415 2167 538 2225 Lambini,
552 2186 600 2217 non
615 2184 677 2218 tt
695 2169 764 2219 tueri.

249 2239 321 2302 464,
332 2253 376 2300 ²4·
387 2239 577 2303 Antiquissimum
587 2240 681 2306 Scythis
690 2241 819 2289 oriundum.
830 2242 892 2291 Haec

170 2358 172 2365 ,
214 2312 244 2363 de
266 2312 399 2363 Anachatsi
416 2310 559 2376 philosopho
584 2310 675 2378 Scytha
699 2311 746 2361 dici
763 2323 833 2379 putat
851 2314 892 2365 Ju-

164 2390 165 2401 ’
213 2386 276 2436 nius.

250 2455 322 2518 466,
341 2469 381 2518 19.
394 2453 422 2503 ln
440 2457 552 2505 Catonem
567 2455 669 2517 nostrum
687 2453 853 2522 transferamus
864 2457 894 2506 il·

214 2529 257 2579 lin
271 2527 371 2594 aliquid.
390 2526 457 2577 min
473 2544 518 2593 pto
536 2528 606 2576 illinc
624 2528 723 2594 antiqui
746 2530 793 2579 dici
809 2542 894 2579 notum

214 2601 249 2653 est
264 2615 272 2651 t
290 2601 407 2652 &tamen
421 2601 476 2651 inde
488 2602 585 2666 irrepsit
601 2601 685 2650 vitium
699 2602 722 2650 in
741 2602 858 2668 vulgatis,
869 2603 894 2651 in

214 2673 300 2740 quibus
318 2674 415 2732 editur,
436 2674 460 2723 in
480 2676 591 2723 Catonern
613 2673 712 2734 nostrum
730 2672 894 2740 transferamus

216 2747 287 2796 illinc
301 2746 359 2796 mali
374 2746 473 2811 aliquid.

253 2818 314 2868 lbid.
332 2817 375 2867 26.
389 2818 511 2868 datorem.
523 2818 579 2868 Hoc
595 2820 706 2882 exemplo
721 2817 896 2886 Quindilianus

192 2891 195 2895 ’
216 2893 292 2943 docet
296 2890 390 2958 finatis
403 2891 546 2940 vocabulum
563 2889 663 2957 primiim
674 2909 687 2940 a
697 2889 819 2941 Cicerone
830 2891 898 2941 usur·

217 2976 299 3032 patum
319 2963 375 3013 esse.
783 3028 786 3032 .

253 3036 327 3099 467,
345 3049 389 3102 29.
407 3035 510 3085 Delitis.
527 3035 633 3102 Antiqui
650 3053 695 3102 pro
712 3036 805 3088 deictis.

254 3109 323 3171 469,
339 3109 365 3158 6.
380 3107 434 3180 Quo
446 3109 482 3157 die
494 3109 614 3159 Antonius
630 3107 724 3174 Casani.
736 3111 830 3176 Nempe
847 3109 897 3159 dia·

219 3183 288 3232 dema
302 3181 421 3247 imposuit.
435 3181 500 3232 Vide
517 3181 578 3230 Phil.
598 3197 634 3239 2,
651 3181 695 3243 85.

256 3254 317 3304 lbid.
330 3254 356 3303 8.
367 3254 482 3304 Deliciis.
493 3253 623 3304 Ascensius
639 3253 757 3308 volebat,
775 3252 900 3306 deliratiris

220 3326 360 3396 ingredienti
373 3327 465 3376 molles.

232 3429 237 3442 ·
256 3415 308 3462 471
321 3433 329 3458 ,
342 3416 368 3463 7.
381 3397 480 3466 Tefqua.
495 3399 561 3450 Loca
578 3398 632 3449 sunt
642 3431 649 3456 ,
660 3396 738 3463 inquit
748 3397 829 3448 Festus
840 3430 849 3458 ,
860 3416 901 3450 au·
952 3450 955 3454 Α

221 3474 291 3544 gurio
306 3472 438 3540 designata.

258 3545 320 3597 ibid.
334 3545 360 3594 8.
377 3545 466 3595 Ferent.
476 3542 548 3609 Apud
560 3543 756 3594 Fortunatianum
772 3558 817 3610 pto
824 3540 900 3609 fertrn

184 3614 194 3627 ⁸
221 3618 319 3686 reponit
335 3618 451 3668 Patricius
458 3616 549 3682 fatens.
898 3670 900 3673 ¹

195 3728 199 3737 .
258 3705 332 3754 472,
354 3689 547 3752 11.1flatatnen
558 3687 713 3756 nqutbilitat.
731 3689 767 3739 ita
786 3701 900 3740 monente

223 3763 328 3818 Oliveto
347 3762 455 3816 dedimus
470 3780 515 3832 pto
531 3764 652 3832 vulgato,
672 3762 708 3816 ita
724 3777 800 3814 tamen
818 3762 866 3816 64.
