2409 5492
320 1224 398 1326 '308
470 1229 849 1296 Errsrornnurr

320 1361 491 1422 quamquam
521 1344 550 1399 in
580 1340 624 1399 his
658 1339 758 1398 litteris
786 1338 903 1420 longior
933 1337 1003 1413 fui,

320 1421 407 1500 quarn
438 1437 486 1481 aut
510 1420 648 1492 vellem,
681 1434 729 1478 aut
757 1418 844 1497 quarn
868 1438 917 1478 me
945 1440 1003 1498 pu-

320 1503 379 1560 tavi
404 1499 478 1560 fore.

359 1578 456 1641 XIII.
477 1579 578 1639 Unum
597 1577 657 1650 est,
676 1575 757 1658 quod
777 1575 830 1635 ribi
851 1597 910 1659 ego
928 1597 1002 1656 prae-

319 1661 417 1740 cipere
449 1682 509 1719 non
539 1659 699 1730 desinam3
732 1676 826 1735 neque
850 1674 880 1716 te
913 1661 1003 1736 pariat

321 1738 493 1818 (quantum
516 1742 546 1798 in
568 1759 616 1798 me
635 1740 688 1797 erit
707 1735 719 1815 )
739 1757 805 1795 curn
827 1740 1009 1815 exceptione¹

320 1820 450 1878 laudari:
471 1838 572 1879 omnes
592 1822 668 1878 enirn
688 1817 735 1895 qui
753 1815 1001 1890 istinc'veniunr,

323 1901 364 1958 ita
384 1900 420 1959 de
443 1916 497 1959 rua.
512 1901 642 1970 virture,
662 1898 846 1976 integritate,
866 1896 1004 1956 humani-

321 1996 380 2038 tate
403 1995 662 2049 commemorant,
688 1991 720 2035 ut
749 1978 778 2033 in
804 1978 859 2034 tuis
885 1975 1002 2036 summis

322 2057 451 2117 laudibus
462 2060 604 2135 excipiant
618 2076 703 2114 unam
718 2055 907 2114 iracundiam:
919 2055 1009 2136 quod*

321 2139 444 2209 virium,
461 2157 549 2216 quum
569 2141 599 2195 in
619 2137 671 2194 hac
693 2137 803 2215 privata
820 2136 1009 2214 quotidiana··

321 2236 377 2295 que
401 2219 482 2290 vita,
506 2217 577 2275 levis
599 2215 655 2276 else
677 2217 765 2274 animi
790 2231 872 2294 atque
893 2213 1001 2276 infirmi

319 2295 454 2368 viderur3
471 2315 532 2355 tum
545 2296 618 2356 verb
633 2295 702 2354 nihil
719 2293 759 2355 est
774 2312 834 2354 tarn
851 2293 1001 2370 deforme,

320 2375 408 2456 quarn
428 2376 466 2435 >ad
486 2375 629 2435 summurn
647 2378 802 2455 imperium
820 2377 907 2434 etiam
924 2396 1003 2435 acer·

319 2456 440 2516 bitatem
469 2476 576 2516 narurae
604 2454 770 2535 adjungere.
800 2453 902 2533 Quare
930 2456 1001 2516 illud

321 2557 381 2595 non
402 2534 564 2616 suscipiam,
581 2554 632 2605 ut,
652 2557 715 2616 quae
732 2535 768 2594 de
780 2536 927 2595 iracundia
944 2536 1001 2596 dici

320 2615 413 2677 solent
439 2638 456 2675 a
483 2615 651 2676 dodiss'imis
676 2615 868 2687 hominibus,
893 2635 928 2674 ea
949 2618 1000 2675 ribi

320 2717 397 2755 nunc
420 2716 594 2775 exponam,
621 2715 709 2774 quum
736 2697 767 2754 &
790 2698 878 2754 nimis
897 2695 1000 2777 longus

321 2773 376 2834 esse
397 2777 516 2847 nolim,
538 2777 570 2835 &
597 2796 633 2834 ex
653 2775 808 2835 multorum
832 2773 943 2855 scriptis
966 2796 999 2835 ea

319 2854 402 2913 facile
423 2859 514 2932 possis
533 2856 728 2935 cognoscere:
753 2854 844 2927 illud,
866 2855 946 2933 quod
961 2854 999 2915 est

319 2932 445 3010 epistolae
469 2938 619 3013 proprium
634 2981 642 3008 ,
662 2954 692 2993 ut
712 2936 756 3007 is,
771 2934 808 2992 ad
830 2955 918 3014 quem
934 2935 1000 2994 scti-

318 3013 415 3083 bitur,
439 3014 475 3073 de
494 3016 527 3073 iis
547 3016 655 3085 rebus,
682 3036 750 3094 quas
774 3017 909 3094 ignorat,
932 3036 999 3075 cer-

318 3095 375 3152 tior
392 3091 461 3160 fiat,
477 3095 753 3172 praetermittendum
768 3092 824 3153 esse
840 3115 901 3154 non
916 3115 998 3174 puro.

360 3191 408 3251 30.
426 3172 472 3232 Sic
496 3175 532 3233 ad
560 3197 613 3232 nos
635 3195 735 3233 omnes
757 3173 819 3234 fer‘e
840 3174 999 3249 deferunt,

318 3254 407 3325 nihil,
427 3275 514 3332 quum
532 3255 603 3313 absit
619 3254 781 3325 iracundia,
799 3272 827 3313 re
841 3253 905 3315 fieri
919 3254 997 3335 polle

317 3331 488 3410 jucundius:
512 3333 560 3394 sed
582 3355 669 3413 quum
693 3351 721 3393 re
744 3331 864 3410 alicujus
887 3338 1004 3414 impio-⁴

317 3415 413 3485 biras,
432 3414 657 3493 perversitasque
676 3417 890 3488 commoverit,
908 3419 949 3474 sic
968 3432 996 3475 te

316 3496 413 3552 animo
437 3497 569 3566 incitari,
589 3511 621 3554 ut
642 3494 676 3553 ab
701 3495 834 3554 omnibus
854 3509 905 3552 tua
923 3495 996 3554 desi-

318 3574 432 3635 deretur
459 3576 627 3635 humanitas.
659 3571 784 3650 Quare,
806 3577 945 3653 quoniam
968 3577 996 3633 in

316 3673 380 3714 eam
399 3656 540 3715 rationem
562 3659 629 3715 vitae
649 3674 702 3711 nos
722 3675 782 3712 non
802 3673 862 3712 tarn
887 3653 997 3732 cupidi·

317 3746 358 3790 tas
382 3735 512 3815 quaedam
542 3737 670 3817 gloriae,
702 3734 787 3814 qulam
815 3753 860 3794 res
881 3733 942 3817 ipsa
963 3753 995 3794 ac
