2409 5492
326 1215 449 1307 ηρ.
464 1215 761 1286 Fannii-:ulra
775 1215 823 1286 11.
852 1234 872 1311 3
877 1232 924 1309 53

246 1331 403 1413 nequando
422 1350 479 1468 epo
496 1331 570 1405 tibi,
588 1350 677 1411 quum
693 1330 753 1390 sum
768 1331 845 1401 uni,
862 1352 928 1392 mo·

245 1410 331 1475 lestus
353 1413 417 1469 sim.
472 1411 539 1472 ideo
558 1429 587 1471 te
608 1409 784 1492 ingemuille.
805 1412 852 1472 Sic
872 1410 930 1485 fit,

246 1492 287 1553 rii'
305 1497 331 1552 ir
348 1491 400 1569 ἔιᾳ
419 1489 539 1568 igme:
559 1511 715 1570 numquam
736 1494 814 1551 enim
833 1491 929 1551 dicam

245 1570 279 1631 ia
295 1567 401 1634 articar-
420 1568 548 1630 Marium
566 1590 663 1629 autem
679 1569 805 1630 nostrum
823 1575 853 1630 in
869 1573 930 1632 lec-

244 1650 334 1708 ticam
355 1648 521 1712 mehercule
545 1649 750 1727 conjecillem‚
769 1672 831 1710 non
850 1652 929 1712 illam

245 1732 322 1810 regis
344 1726 493 1789 Ptolemaei
508 1730 699 1790 Anicianam:
717 1733 835 1791 memini
852 1736 930 1793 enirn

247 1829 340 1890 quum
357 1808 507 1870 hominem
522 1831 671 1892 portarem
686 1810 723 1869 ad
735 1809 837 1884 Baias,
854 1811 933 1872 Nea·

247 1890 330 1969 poli,
347 1887 510 1969 oeiophoro
530 1893 694 1965 Aniciano‚
712 1892 933 1971 machaeropho-

240 1971 285 2035 ,ris
310 1989 430 2030 centurn
449 1971 653 2051 sequentibus',
678 1973 767 2030 miros
788 1972 856 2031 risus
878 1992 932 2033 nos

250 2049 359 2122 edere,
380 2071 469 2130 quum
499 2053 546 2112 ille
567 2055 683 2132 ignarus
703 2052 744 2110 sui
764 2052 933 2121 comitatus,

249 2130 371 2209 repent'e
398 2132 508 2209 aperuit
530 2131 661 2192 lefflcan
684 2175 693 2204 ‚
725 2131 758 2191 &
785 2152 861 2213 pene
884 2134 933 2192 ille

250 2211 379 2282 timore,
402 2230 417 2271 e
439 2233 457 2270 o
476 2210 530 2270 risu
551 2215 654 2271 corrui.
673 2209 779 2286 Tunc,
797 2231 829 2273 ut
846 2214 933 2287 dico,

240 2231 536 2364 -certesulluiiffem,
562 2311 594 2352 ut
617 2292 770 2373 aliquando
790 2292 933 2353 subtilita-

251 2389 310 2430 tem
339 2373 448 2431 veteris
478 2371 644 2432 urbanitatis
675 2372 707 2431 &
734 2372 933 2432 humanissimi

250 2450 391 2511 sermonis
410 2454 599 2533 attingerem:
621 2452 670 2512 sed
686 2451 835 2511 hominem
854 2451 935 2512 infir·

251 2552 331 2591 mum
354 2533 386 2590 in
406 2533 507 2591 villam
528 2549 658 2612 apertam
679 2575 688 2604 ,
716 2553 749 2590 ac
774 2551 810 2592 ne
831 2532 933 2591 rudem

252 2611 372 2692 quidem
394 2614 482 2673 etiam
507 2634 582 2672 nunc
605 2614 728 2670 invitare
747 2612 836 2670 nolui.
866 2612 933 2670 Hoc

252 2692 322 2752 verb
338 2692 410 2751 mihi
430 2692 573 2772 peculiare
593 2689 697 2763 fuerit,
715 2689 759 2747 hic
778 2693 865 2749 etiam
881 2690 934 2751 illo

254 2770 327 2832 frui:
354 2793 422 2831 nam
445 2774 559 2832 illorum
578 2771 751 2851 praediorum
773 2768 842 2829 scito
865 2770 936 2830 mihi

254 2854 382 2912 vicinum
405 2851 532 2911 Marium
555 2853 654 2911 lumen
670 2849 737 2910 elle.
760 2846 849 2931 Apud
865 2853 937 2909 Ani·

255 2933 329 2992 cium
353 2931 518 2992 videbimus
542 2977 551 3004 ‚
581 2949 613 2990 ut
642 2947 772 3011 paratum
798 2933 844 2990 sit.
872 2930 936 2991 Nos

255 3015 332 3072 enim
360 3014 400 3072 ita
424 3012 566 3092 philologi
585 3012 679 3072 sumus
703 3055 713 3082 ,
738 3028 769 3071 ut
793 3012 842 3071 vel
870 3033 936 3071 cunr

250 3090 340 3151 ¹labris
363 3093 492 3153 habitare
513 3095 677 3172 possimus:
704 3092 842 3152 habemus
861 3092 935 3152 hanc

257 3172 491 3252 philosophiam,
510 3193 569 3231 non
590 3172 625 3230 ab
645 3171 791 3249 Hymetto
808 3170 880 3244 ,sed
900 3173 937 3230 ab

258 3272 320 3313 area
337 3250 449 3332 Cyrea.
471 3252 579 3311 Marius
598 3252 630 3309 &
644 3251 809 3309 valetudine
827 3249 886 3322 est,
906 3249 939 3308 ἃ

259 3333 357 3392 ιαωτὲι
371 3333 554 3393 imbecillior.
569 3330 618 3389 De
635 3330 863 3409 interpellatione
876 3347 940 3389 tan-

261 3429 318 3472 tum
339 3410 449 3472 sumam
468 3411 584 3473 avobis
599 3414 738 3490 temporis
757 3409 794 3468 ad
814 3409 941 3469 scriben-

263 3490 349 3565 dum,
369 3512 508 3573 quantum
531 3490 651 3551 dabitis:
672 3493 780 3549 utinam
799 3490 869 3548 nihil
885 3489 939 3548 de·

265 3573 314 3644 tis,
333 3590 365 3631 ut
384 3577 480 3652 potibs
499 3569 592 3633 vestri
610 3569 734 3649 injurii,
753 3568 839 3647 quim
859 3572 940 3650 igna·

266 3652 307 3710 vii
328 3653 396 3712 mei
417 3652 521 3714 cessem
545 3652 552 3710 l
580 3649 630 3710 De
652 3649 796 3728 republica
818 3650 939 3707 nimium

268 3745 291 3794 te
310 3731 441 3797 laborare
462 3735 578 3806 doleo,
612 3731 645 3792 &
670 3730 823 3792 meliorem
844 3732 942 3793 civem
