2409 5492
295 1250 370 1343 428
487 1244 814 1312 Ennoea
1031 1324 1052 1363 ο

296 1364 327 1427 Is
353 1359 561 1441 rempublicam
587 1353 710 1415 duabus
739 1356 831 1419 rebus
858 1356 969 1419 contineri
1030 1388 1053 1444 jc

298 1447 388 1518 dixit,
405 1440 523 1521 praemio
540 1437 571 1497 &
588 1437 696 1514 poend.
710 1434 762 1496 Est
779 1435 889 1502 scilicet
902 1436 972 1499 unid-
1028 1470 1053 1525 si,

321 1545 355 1583 uc
376 1525 417 1583 rei
434 1519 558 1591 modus,
572 1518 647 1575 sicut
660 1518 872 1598 reliquarum,
886 1520 974 1601 &que
1027 1568 1053 1608 n(

298 1546 366 1665 dam
382 1606 411 1661 in
428 1618 551 1679 utroque
578 1616 693 1677 genere
716 1600 906 1661 mediocritas
924 1596 976 1659 :sed
1027 1626 1048 1689 su

299 1706 360 1744 non
383 1699 461 1743 tanta
478 1681 514 1739 de
532 1698 562 1738 re
581 1681 784 1758 propositum
798 1680 842 1742 est
862 1680 975 1741 hocloco
1026 1706 1053 1767 1„

301 1763 454 1843 disputare.
477 1759 562 1839 Quid
590 1776 649 1839 ego
685 1778 794 1821 autem
819 1761 921 1823 secutus
937 1761 975 1819 hut
1025 1790 1053 1848 i(

301 1845 382 1905 bello
405 1846 461 1902 sim
479 1844 508 1901 in
527 1838 681 1898 sententiis
711 1840 874 1914 dicendis,
894 1864 907 1901 a
925 1843 975 1901 erite
1050 1842 1053 1847 ’

304 1946 366 1986 non
382 1924 507 1982 alienum
527 1936 609 2000 puto.
631 1917 707 1978 Post
733 1924 885 1983 interitum
955 1942 977 1979 t·

303 2008 364 2078 tis,
380 2004 411 2062 dt
424 2000 530 2063 vestras
543 2000 766 2062 memorabiles
789 2002 856 2065 Idus
869 2001 976 2071 Martias.
1026 2035 1043 2091 p

304 2084 414 2156 Brute,
433 2082 503 2160 quid
531 2099 587 2160 ego
612 2081 875 2160 praetermiffuma
892 2081 977 2151 vobis,
1025 2079 1053 2175 Μ’

304 2182 498 2245 quantamque
525 2158 706 2238 impendere
738 2163 894 2245 reipublice
912 2178 977 2219 tetu-
1025 2192 1029 2203 ι

305 2242 444 2325 pestatem
466 2241 606 2310 dixerim,
618 2261 686 2299 non
703 2261 740 2303 es
759 2244 873 2304 oblitus.
888 2240 980 2322 Magna

307 2322 395 2405 pestis
419 2340 480 2383 erat
495 2318 613 2400 depulsa
632 2341 692 2399 per
708 2344 801 2399 vos,
821 2346 865 2385 ma
900 2344 913 2383 a
934 2342 980 2401 po·

307 2404 369 2486 puli
387 2401 513 2464 Romani
536 2399 651 2459 macula
674 2400 784 2465 deleta
803 2427 811 2465 τ
830 2426 868 2467 vo
889 2407 909 2463 is
928 2402 980 2462 vetit
1048 2408 1053 2414 '

310 2503 390 2566 parta
400 2484 498 2543 divina
511 2481 603 2563 gloria
618 2501 625 2538 ε
644 2479 700 2541 sed
718 2482 938 2547 instrumentum
949 2501 980 2543 te·
1026 2523 1054 2579 mi

310 2568 360 2647 gni
377 2564 503 2625 delatum
522 2561 557 2621 ad
580 2559 733 2638 Lepidum
762 2566 798 2625 δι
819 2564 978 2635 Antonium
1027 2599 1048 2659 ld

310 2666 436 2727 quorum
460 2645 530 2703 alter
558 2639 802 2720 inconstantior,
820 2647 891 2709 alter
909 2649 980 2723 impu-
1048 2626 1054 2660 ¹

309 2730 387 2799 tior,
405 2743 523 2804 uterquc
551 2741 654 2800 pacem
681 2742 857 2802 metuens,
882 2729 980 2787 inimicis
1051 2789 1054 2800 1

311 2808 375 2868 otii.
393 2806 448 2865 His
477 2802 639 2863 ardentibus
693 2808 890 2869 erturbandae
909 2808 980 2886 reipu·
1052 2804 1054 2821 ⁸

309 2887 391 2945 blicae
403 2885 578 2964 cupiditate,
597 2903 656 2962 quo
682 2890 821 2967 ¹opponi
832 2886 921 2969 posset
929 2906 980 2967 pta·
1028 2923 1041 2978 fi

309 2966 433 3036 sidium,
450 2986 510 3023 non
537 2964 729 3025 habebamus.
764 2966 908 3031 Erexerat
929 2969 980 3027 enin
1027 2997 1054 3061 hh

309 3044 338 3105 se
363 3046 484 3115 civitas,
503 3047 533 3102 in
555 3045 706 3104 retinenda
729 3047 875 3113 libertate
893 3047 981 3108 consen·

310 3128 393 3187 tiens.
411 3123 474 3184 Nos
492 3140 555 3182 tum
573 3126 655 3182 nimis
677 3147 765 3186 acres
780 3151 788 3188 :
804 3153 884 3205 vos,
896 3122 978 3189 sumtie
1041 3167 1045 3177 -

313 3205 486 3286 sapientius,
510 3202 667 3264 excessistis
690 3207 769 3267 urbe
789 3213 851 3284 eit,
873 3206 983 3291 qnmtii·

312 3286 447 3347 betatatis
468 3306 475 3342 :
493 3284 601 3357 ltaliae‚
623 3283 670 3343 sua
688 3288 782 3347 vobis
805 3289 900 3351 studia
918 3284 985 3370 profi·
1051 3351 1054 3360 ,

311 3369 403 3438 tenti,
425 3363 577 3425 remisistis.
596 3364 699 3443 Itaque
727 3390 829 3448 quum
855 3373 941 3433 teneti
954 3389 985 3427 ut·
1029 3404 1054 3462 Α

310 3448 380 3507 bem
397 3468 414 3504 a
434 3445 579 3523 parricidis
597 3445 759 3516 viderem,
783 3472 843 3512 nec
865 3470 896 3514 te
914 3454 986 3515 inea.
1031 3502 1042 3538 c

313 3548 369 3588 nec
389 3524 522 3586 Cassium
535 3525 598 3586 turb
617 3525 672 3586 elie
694 3526 808 3606 poffe,
830 3552 952 3613 eamque
962 3550 988 3587 tt·
1031 3506 1054 3619 b(

313 3611 368 3667 mis
389 3605 549 3745 oppressam
568 3607 603 3666 ab
624 3605 764 3668 Antonio
784 3632 795 3683 ;
813 3615 889 3673 mihi
902 3627 989 3694 quoque
1033 3592 1055 3702 [ᾗ

312 3690 399 3827 ¹ipsie
422 3688 647 3749 eexcedendum
686 3692 783 3748 utavi.
798 3691 927 3755 Tetrum
937 3694 992 3753 enin

346 3768 526 3846 edaculutn,
546 3787 638 3852 oppte
661 3788 678 3829 a
701 3770 739 3831 ab
761 3773 869 3856 impiis
894 3778 992 3841 civitas,
