<?xml version="1.0" encoding="UTF-8"?>
<!DOCTYPE html PUBLIC "-//W3C//DTD XHTML 1.0 Transitional//EN"
    "http://www.w3.org/TR/xhtml1/DTD/xhtml1-transitional.dtd">
<html xmlns="http://www.w3.org/1999/xhtml" xml:lang="en" lang="en">
 <head>
  <title>
</title>
<meta http-equiv="Content-Type" content="text/html;charset=utf-8" />
  <meta name='ocr-system' content='tesseract 3.04.00' />
  <meta name='ocr-capabilities' content='ocr_page ocr_carea ocr_par ocr_line ocrx_word'/>
</head>
<body>
  <div class='ocr_page' id='page_1' title='image "./mtulliiciceroni09lallgoog/mtulliiciceroni09lallgoog_0282.png"; bbox 0 0 2409 5492; ppageno 0'>
   <div class='ocr_carea' id='block_1_1' title="bbox 263 1235 786 1310">
    <p class='ocr_par' dir='ltr' id='par_1_1' title="bbox 263 1235 786 1310">
     <span class='ocr_line' id='line_1_1' title="bbox 263 1235 786 1310; baseline -0.011 -1"><span class='ocrx_word' id='word_1_1' title='bbox 263 1237 340 1310; x_wconf 86' lang='lat'>282</span> <span class='ocrx_word' id='word_1_2' title='bbox 420 1235 786 1303; x_wconf 69' lang='lat' dir='ltr'>Errrrorsmrrr</span> 
     </span>
    </p>
   </div>
   <div class='ocr_carea' id='block_1_2' title="bbox 260 1342 953 1907">
    <p class='ocr_par' dir='ltr' id='par_1_2' title="bbox 260 1342 953 1907">
     <span class='ocr_line' id='line_1_2' title="bbox 260 1342 951 1427; baseline -0.003 -18"><span class='ocrx_word' id='word_1_3' title='bbox 260 1350 313 1409; x_wconf 90' lang='lat' dir='ltr'>bis.</span> <span class='ocrx_word' id='word_1_4' title='bbox 326 1346 394 1409; x_wconf 89' lang='lat' dir='ltr'>Una</span> <span class='ocrx_word' id='word_1_5' title='bbox 406 1351 526 1409; x_wconf 91' lang='lat' dir='ltr'>omnino</span> <span class='ocrx_word' id='word_1_6' title='bbox 539 1347 719 1427; x_wconf 82' lang='lat' dir='ltr'>interpositio</span> <span class='ocrx_word' id='word_1_7' title='bbox 735 1342 881 1407; x_wconf 87' lang='lat' dir='ltr'>difficilior</span> <span class='ocrx_word' id='word_1_8' title='bbox 892 1342 951 1423; x_wconf 76' lang='lat' dir='ltr'>eri,</span> 
     </span>
     <span class='ocr_line' id='line_1_3' title="bbox 260 1424 948 1569; baseline 0.001 -81"><span class='ocrx_word' id='word_1_9' title='bbox 260 1448 349 1569; x_wconf 53' lang='lat' dir='ltr'>psum</span> <span class='ocrx_word' id='word_1_10' title='bbox 365 1449 402 1487; x_wconf 91' lang='lat' dir='ltr'>ne</span> <span class='ocrx_word' id='word_1_11' title='bbox 418 1427 477 1509; x_wconf 92' lang='lat' dir='ltr'>ipse</span> <span class='ocrx_word' id='word_1_12' title='bbox 519 1427 614 1522; x_wconf 34' lang='lat' dir='ltr'>&#39;idem</span> <span class='ocrx_word' id='word_1_13' title='bbox 630 1424 713 1485; x_wconf 74' lang='lat' dir='ltr'>facile</span> <span class='ocrx_word' id='word_1_14' title='bbox 729 1425 833 1522; x_wconf 29' lang='lat' dir='ltr'>lenge-re·</span> <span class='ocrx_word' id='word_1_15' title='bbox 846 1424 948 1503; x_wconf 85' lang='lat' dir='ltr'>soleo,</span> 
     </span>
     <span class='ocr_line' id='line_1_4' title="bbox 261 1504 953 1657; baseline 0 -8"><span class='ocrx_word' id='word_1_16' title='bbox 261 1528 299 1649; x_wconf 58' lang='lat' dir='ltr'>ui</span> <span class='ocrx_word' id='word_1_17' title='bbox 313 1509 514 1649; x_wconf 48' lang='lat' dir='ltr'>fppgnqsnpffl</span> <span class='ocrx_word' id='word_1_18' title='bbox 528 1522 627 1647; x_wconf 62' lang='lat' dir='ltr'>{iii}</span> <span class='ocrx_word' id='word_1_19' title='bbox 634 1504 953 1657; x_wconf 51' lang='lat' dir='ltr'>‚Isidissmiusciii</span> 
     </span>
     <span class='ocr_line' id='line_1_5' title="bbox 260 1662 949 1749; baseline -0.001 -21"><span class='ocrx_word' id='word_1_20' title='bbox 260 1687 377 1749; x_wconf 83' lang='lat' dir='ltr'>rogatus</span> <span class='ocrx_word' id='word_1_21' title='bbox 395 1670 441 1729; x_wconf 86' lang='lat' dir='ltr'>sit.</span> <span class='ocrx_word' id='word_1_22' title='bbox 456 1667 625 1727; x_wconf 86' lang='lat' dir='ltr'>Demetrius</span> <span class='ocrx_word' id='word_1_23' title='bbox 641 1662 691 1725; x_wconf 85' lang='lat' dir='ltr'>iste</span> <span class='ocrx_word' id='word_1_24' title='bbox 708 1686 868 1747; x_wconf 84' lang='lat' dir='ltr'>numquam</span> <span class='ocrx_word' id='word_1_25' title='bbox 882 1688 949 1727; x_wconf 85' lang='lat' dir='ltr'>om-</span> 
     </span>
     <span class='ocr_line' id='line_1_6' title="bbox 260 1744 950 1826; baseline 0.003 -19"><span class='ocrx_word' id='word_1_26' title='bbox 260 1751 332 1808; x_wconf 87' lang='lat' dir='ltr'>nino</span> <span class='ocrx_word' id='word_1_27' title='bbox 349 1747 502 1808; x_wconf 81' lang='lat' dir='ltr'>Phalereus</span> <span class='ocrx_word' id='word_1_28' title='bbox 520 1746 595 1822; x_wconf 85' lang='lat' dir='ltr'>suit,</span> <span class='ocrx_word' id='word_1_29' title='bbox 611 1744 661 1806; x_wconf 89' lang='lat' dir='ltr'>sed</span> <span class='ocrx_word' id='word_1_30' title='bbox 679 1767 755 1805; x_wconf 89' lang='lat' dir='ltr'>nnnc</span> <span class='ocrx_word' id='word_1_31' title='bbox 777 1748 863 1826; x_wconf 72' lang='lat' dir='ltr'>piane</span> <span class='ocrx_word' id='word_1_32' title='bbox 880 1744 950 1809; x_wconf 85' lang='lat' dir='ltr'>Bil-</span> 
     </span>
     <span class='ocr_line' id='line_1_7' title="bbox 261 1825 951 1907; baseline 0 -19"><span class='ocrx_word' id='word_1_33' title='bbox 261 1828 356 1889; x_wconf 86' lang='lat' dir='ltr'><strong>lienus</strong></span> <span class='ocrx_word' id='word_1_34' title='bbox 373 1827 422 1888; x_wconf 83' lang='lat' dir='ltr'>est.</span> <span class='ocrx_word' id='word_1_35' title='bbox 437 1827 536 1907; x_wconf 82' lang='lat' dir='ltr'>ltaque</span> <span class='ocrx_word' id='word_1_36' title='bbox 554 1846 583 1888; x_wconf 87' lang='lat' dir='ltr'>te</span> <span class='ocrx_word' id='word_1_37' title='bbox 601 1825 641 1885; x_wconf 91' lang='lat' dir='ltr'>do</span> <span class='ocrx_word' id='word_1_38' title='bbox 655 1828 812 1886; x_wconf 88' lang='lat' dir='ltr'>vicarium:</span> <span class='ocrx_word' id='word_1_39' title='bbox 829 1842 862 1887; x_wconf 88' lang='lat' dir='ltr'>tu</span> <span class='ocrx_word' id='word_1_40' title='bbox 878 1846 951 1889; x_wconf 82' lang='lat' dir='ltr'>eum·</span> 
     </span>
    </p>
   </div>
   <div class='ocr_carea' id='block_1_3' title="bbox 160 1906 947 1975">
    <p class='ocr_par' dir='ltr' id='par_1_3' title="bbox 160 1906 947 1975">
     <span class='ocr_line' id='line_1_8' title="bbox 160 1906 947 1975; baseline -0.003 -6"><span class='ocrx_word' id='word_1_41' title='bbox 160 1960 168 1975; x_wconf 87' lang='lat'>,</span> <span class='ocrx_word' id='word_1_42' title='bbox 263 1907 441 1969; x_wconf 83' lang='lat' dir='ltr'>observabis.</span> <span class='ocrx_word' id='word_1_43' title='bbox 468 1906 529 1968; x_wconf 85' lang='lat' dir='ltr'>Etsi</span> <span class='ocrx_word' id='word_1_44' title='bbox 548 1927 555 1965; x_wconf 77' lang='grc' dir='ltr'><strong>ι</strong></span> <span class='ocrx_word' id='word_1_45' title='bbox 576 1923 778 1967; x_wconf 68' lang='lat' dir='ltr'>verumtamen</span> <span class='ocrx_word' id='word_1_46' title='bbox 802 1906 840 1966; x_wconf 87' lang='lat' dir='ltr'>de</span> <span class='ocrx_word' id='word_1_47' title='bbox 865 1907 947 1967; x_wconf 76' lang='lat' dir='ltr'>illist</span> 
     </span>
    </p>
   </div>
   <div class='ocr_carea' id='block_1_4' title="bbox 196 1985 951 2467">
    <p class='ocr_par' dir='ltr' id='par_1_4' title="bbox 196 1985 951 2467">
     <span class='ocr_line' id='line_1_9' title="bbox 196 1985 947 2067; baseline -0.001 -19"><span class='ocrx_word' id='word_1_48' title='bbox 196 1996 199 2003; x_wconf 86' lang='lat'>&#39;</span> <span class='ocrx_word' id='word_1_49' title='bbox 263 1985 337 2048; x_wconf 89' lang='lat' dir='ltr'>nosti</span> <span class='ocrx_word' id='word_1_50' title='bbox 354 2007 459 2049; x_wconf 89' lang='lat' dir='ltr'>cetera.</span> <span class='ocrx_word' id='word_1_51' title='bbox 477 1987 534 2047; x_wconf 87' lang='lat' dir='ltr'>Sed</span> <span class='ocrx_word' id='word_1_52' title='bbox 550 2004 666 2057; x_wconf 86' lang='lat' dir='ltr'>tamen,</span> <span class='ocrx_word' id='word_1_53' title='bbox 679 1987 703 2045; x_wconf 87' lang='lat' dir='ltr'>si</span> <span class='ocrx_word' id='word_1_54' title='bbox 718 2005 807 2067; x_wconf 87' lang='lat' dir='ltr'>quem</span> <span class='ocrx_word' id='word_1_55' title='bbox 822 2006 890 2045; x_wconf 89' lang='lat' dir='ltr'>cum</span> <span class='ocrx_word' id='word_1_56' title='bbox 907 2006 947 2049; x_wconf 84' lang='lat' dir='ltr'>eo</span> 
     </span>
     <span class='ocr_line' id='line_1_10' title="bbox 263 2064 948 2140; baseline -0.001 -13"><span class='ocrx_word' id='word_1_57' title='bbox 263 2066 426 2128; x_wconf 89' lang='lat' dir='ltr'>sermonem</span> <span class='ocrx_word' id='word_1_58' title='bbox 452 2067 607 2140; x_wconf 80' lang='lat' dir='ltr'>habueris,</span> <span class='ocrx_word' id='word_1_59' title='bbox 628 2065 732 2126; x_wconf 85' lang='lat' dir='ltr'>scribes</span> <span class='ocrx_word' id='word_1_60' title='bbox 759 2064 797 2125; x_wconf 92' lang='lat' dir='ltr'>ad</span> <span class='ocrx_word' id='word_1_61' title='bbox 823 2084 894 2139; x_wconf 91' lang='lat' dir='ltr'>me,</span> <span class='ocrx_word' id='word_1_62' title='bbox 913 2081 948 2126; x_wconf 89' lang='lat' dir='ltr'>ur</span> 
     </span>
     <span class='ocr_line' id='line_1_11' title="bbox 262 2144 947 2228; baseline -0.001 -21"><span class='ocrx_word' id='word_1_63' title='bbox 262 2148 333 2207; x_wconf 90' lang='lat' dir='ltr'>mihi</span> <span class='ocrx_word' id='word_1_64' title='bbox 351 2148 477 2208; x_wconf 89' lang='lat' dir='ltr'>nascatur</span> <span class='ocrx_word' id='word_1_65' title='bbox 494 2145 621 2226; x_wconf 87' lang='lat' dir='ltr'>epistolae</span> <span class='ocrx_word' id='word_1_66' title='bbox 638 2163 853 2228; x_wconf 83' lang='lat' dir='ltr'>argumentum,</span> <span class='ocrx_word' id='word_1_67' title='bbox 863 2144 896 2205; x_wconf 73' lang='grc' dir='ltr'><strong>ἅ</strong></span> <span class='ocrx_word' id='word_1_68' title='bbox 911 2162 947 2207; x_wconf 89' lang='lat' dir='ltr'>ut</span> 
     </span>
     <span class='ocr_line' id='line_1_12' title="bbox 261 2225 951 2367; baseline -0.001 0"><span class='ocrx_word' id='word_1_69' title='bbox 261 2244 342 2367; x_wconf 69' lang='lat' dir='ltr'>*sn</span> <span class='ocrx_word' id='word_1_70' title='bbox 357 2227 670 2367; x_wconf 48' lang='lat' dir='ltr'>ures-..runs</span> <span class='ocrx_word' id='word_1_71' title='bbox 686 2225 951 2366; x_wconf 56' lang='lat' dir='ltr'>Jrssnrssm:</span> 
     </span>
     <span class='ocr_line' id='line_1_13' title="bbox 262 2325 950 2467; baseline 0 -20"><span class='ocrx_word' id='word_1_72' title='bbox 262 2388 318 2447; x_wconf 88' lang='lat' dir='ltr'>tius</span> <span class='ocrx_word' id='word_1_73' title='bbox 340 2352 435 2449; x_wconf 72' lang='lat' dir='ltr'>iacere</span> <span class='ocrx_word' id='word_1_74' title='bbox 457 2351 527 2449; x_wconf 84' lang='lat' dir='ltr'>nihil</span> <span class='ocrx_word' id='word_1_75' title='bbox 549 2406 645 2467; x_wconf 86' lang='lat' dir='ltr'>potes.</span> <span class='ocrx_word' id='word_1_76' title='bbox 664 2349 751 2447; x_wconf 64' lang='lat' dir='ltr'>Vale.</span> <span class='ocrx_word' id='word_1_77' title='bbox 880 2325 950 2390; x_wconf 43' lang='lat' dir='ltr'>gn·</span> 
     </span>
    </p>
   </div>
   <div class='ocr_carea' id='block_1_5' title="bbox 260 2510 949 2851">
    <p class='ocr_par' dir='ltr' id='par_1_5' title="bbox 290 2510 946 2579">
     <span class='ocr_line' id='line_1_14' title="bbox 290 2510 946 2579; baseline -0.003 -2"><span class='ocrx_word' id='word_1_78' title='bbox 290 2514 471 2579; x_wconf 75' lang='lat' dir='ltr'>Tunsrus</span> <span class='ocrx_word' id='word_1_79' title='bbox 491 2515 656 2578; x_wconf 81' lang='lat' dir='ltr'>Truonr</span> <span class='ocrx_word' id='word_1_80' title='bbox 682 2530 759 2577; x_wconf 84' lang='lat' dir='ltr'>suo</span> <span class='ocrx_word' id='word_1_81' title='bbox 783 2510 858 2575; x_wconf 70' lang='lat' dir='ltr'>SP.</span> <span class='ocrx_word' id='word_1_82' title='bbox 871 2512 918 2575; x_wconf 93' lang='lat' dir='ltr'>D.</span> <span class='ocrx_word' id='word_1_83' title='bbox 943 2552 946 2557; x_wconf 93' lang='lat'><em>-</em></span> 
     </span>
    </p>

    <p class='ocr_par' dir='ltr' id='par_1_6' title="bbox 260 2633 949 2851">
     <span class='ocr_line' id='line_1_15' title="bbox 260 2633 949 2706; baseline 0 -16"><span class='ocrx_word' id='word_1_84' title='bbox 260 2636 446 2697; x_wconf 74' lang='lat' dir='ltr'>Hortmvn,</span> <span class='ocrx_word' id='word_1_85' title='bbox 463 2654 489 2688; x_wconf 84' lang='lat' dir='ltr'>ss</span> <span class='ocrx_word' id='word_1_86' title='bbox 506 2636 676 2706; x_wconf 76' lang='lat' dir='ltr'>professionem</span> <span class='ocrx_word' id='word_1_87' title='bbox 697 2634 826 2704; x_wconf 74' lang='lat' dir='ltr'>conficiat,</span> <span class='ocrx_word' id='word_1_88' title='bbox 842 2633 949 2703; x_wconf 64' lang='lat' dir='ltr'>scrise-</span> 
     </span>
     <span class='ocr_line' id='line_1_16' title="bbox 298 2707 949 2778; baseline -0.002 -18"><span class='ocrx_word' id='word_1_89' title='bbox 298 2730 341 2778; x_wconf 81' lang='lat' dir='ltr'>qur</span> <span class='ocrx_word' id='word_1_90' title='bbox 360 2713 406 2762; x_wconf 83' lang='lat' dir='ltr'>sibi</span> <span class='ocrx_word' id='word_1_91' title='bbox 423 2714 449 2762; x_wconf 84' lang='lat' dir='ltr'>iss</span> <span class='ocrx_word' id='word_1_92' title='bbox 465 2713 542 2761; x_wconf 79' lang='lat' dir='ltr'>animo</span> <span class='ocrx_word' id='word_1_93' title='bbox 561 2707 609 2774; x_wconf 77' lang='lat' dir='ltr'>effe,</span> <span class='ocrx_word' id='word_1_94' title='bbox 621 2707 748 2757; x_wconf 62' lang='lat' dir='ltr'>meeum</span> <span class='ocrx_word' id='word_1_95' title='bbox 761 2709 867 2759; x_wconf 77' lang='lat' dir='ltr'>Ausonii</span> <span class='ocrx_word' id='word_1_96' title='bbox 886 2726 949 2763; x_wconf 79' lang='lat' dir='ltr'>coss-</span> 
     </span>
     <span class='ocr_line' id='line_1_17' title="bbox 293 2781 663 2851; baseline -0.008 -18"><span class='ocrx_word' id='word_1_97' title='bbox 293 2781 399 2851; x_wconf 81' lang='lat' dir='ltr'>ssrrars.</span> <span class='ocrx_word' id='word_1_98' title='bbox 420 2785 492 2835; x_wconf 78' lang='lat' dir='ltr'>Anno</span> <span class='ocrx_word' id='word_1_99' title='bbox 514 2781 546 2834; x_wconf 83' lang='lat' dir='ltr'>U.</span> <span class='ocrx_word' id='word_1_100' title='bbox 562 2784 588 2831; x_wconf 84' lang='lat' dir='ltr'>C.</span> <span class='ocrx_word' id='word_1_101' title='bbox 606 2798 663 2845; x_wconf 82' lang='lat'>709·</span> 
     </span>
    </p>
   </div>
   <div class='ocr_carea' id='block_1_6' title="bbox 259 2881 949 3489">
    <p class='ocr_par' dir='ltr' id='par_1_7' title="bbox 259 2881 949 3489">
     <span class='ocr_line' id='line_1_18' title="bbox 264 2881 949 3029; baseline 0.007 -20"><span class='ocrx_word' id='word_1_102' title='bbox 264 2967 314 3028; x_wconf 81' lang='lat'>23.</span> <span class='ocrx_word' id='word_1_103' title='bbox 327 2881 414 3009; x_wconf 67' lang='lat' dir='ltr'>Tu</span> <span class='ocrx_word' id='word_1_104' title='bbox 437 2950 510 3010; x_wconf 81' lang='lat' dir='ltr'>verb</span> <span class='ocrx_word' id='word_1_105' title='bbox 533 2947 645 3010; x_wconf 85' lang='lat' dir='ltr'>confice</span> <span class='ocrx_word' id='word_1_106' title='bbox 669 2947 949 3029; x_wconf 80' lang='lat' dir='ltr'>professionem,si</span> 
     </span>
     <span class='ocr_line' id='line_1_19' title="bbox 263 3029 948 3113; baseline 0.012 -26"><span class='ocrx_word' id='word_1_107' title='bbox 263 3046 375 3109; x_wconf 88' lang='lat' dir='ltr'>potes:</span> <span class='ocrx_word' id='word_1_108' title='bbox 398 3032 452 3089; x_wconf 89' lang='lat' dir='ltr'>etsi</span> <span class='ocrx_word' id='word_1_109' title='bbox 474 3029 535 3088; x_wconf 86' lang='lat' dir='ltr'>haec</span> <span class='ocrx_word' id='word_1_110' title='bbox 562 3031 685 3110; x_wconf 87' lang='lat' dir='ltr'>pecunia</span> <span class='ocrx_word' id='word_1_111' title='bbox 710 3049 746 3090; x_wconf 84' lang='lat' dir='ltr'>ex</span> <span class='ocrx_word' id='word_1_112' title='bbox 771 3051 811 3092; x_wconf 93' lang='lat' dir='ltr'>eo</span> <span class='ocrx_word' id='word_1_113' title='bbox 836 3051 948 3113; x_wconf 77' lang='lat' dir='ltr'>genere</span> 
     </span>
     <span class='ocr_line' id='line_1_20' title="bbox 260 3107 949 3190; baseline 0.009 -23"><span class='ocrx_word' id='word_1_114' title='bbox 260 3107 319 3183; x_wconf 83' lang='lat' dir='ltr'>est,</span> <span class='ocrx_word' id='word_1_115' title='bbox 333 3126 366 3168; x_wconf 92' lang='lat' dir='ltr'>ut</span> <span class='ocrx_word' id='word_1_116' title='bbox 385 3108 566 3188; x_wconf 86' lang='lat' dir='ltr'>professione</span> <span class='ocrx_word' id='word_1_117' title='bbox 587 3132 649 3170; x_wconf 91' lang='lat' dir='ltr'>non</span> <span class='ocrx_word' id='word_1_118' title='bbox 670 3126 765 3190; x_wconf 80' lang='lat' dir='ltr'>egeat.</span> <span class='ocrx_word' id='word_1_119' title='bbox 785 3110 949 3173; x_wconf 86' lang='lat' dir='ltr'>Verumta-</span> 
     </span>
     <span class='ocr_line' id='line_1_21' title="bbox 259 3188 946 3272; baseline 0.009 -23"><span class='ocrx_word' id='word_1_120' title='bbox 259 3209 339 3249; x_wconf 87' lang='lat' dir='ltr'>men.</span> <span class='ocrx_word' id='word_1_121' title='bbox 357 3188 460 3249; x_wconf 84' lang='lat' dir='ltr'>Balbus</span> <span class='ocrx_word' id='word_1_122' title='bbox 480 3189 516 3250; x_wconf 88' lang='lat' dir='ltr'>ad</span> <span class='ocrx_word' id='word_1_123' title='bbox 535 3209 583 3250; x_wconf 88' lang='lat' dir='ltr'>me</span> <span class='ocrx_word' id='word_1_124' title='bbox 599 3190 728 3268; x_wconf 87' lang='lat' dir='ltr'>scripsit,</span> <span class='ocrx_word' id='word_1_125' title='bbox 739 3192 820 3252; x_wconf 71' lang='lat' dir='ltr'>tanta</span> <span class='ocrx_word' id='word_1_126' title='bbox 835 3190 865 3252; x_wconf 90' lang='lat' dir='ltr'>se</span> <span class='ocrx_word' id='word_1_127' title='bbox 882 3195 946 3272; x_wconf 81' lang='lat' dir='ltr'>epi-</span> 
     </span>
     <span class='ocr_line' id='line_1_22' title="bbox 259 3269 944 3353; baseline 0.007 -24"><span class='ocrx_word' id='word_1_128' title='bbox 259 3270 353 3351; x_wconf 72' lang='lat' dir='ltr'>phori</span> <span class='ocrx_word' id='word_1_129' title='bbox 375 3269 558 3350; x_wconf 80' lang='lat' dir='ltr'>oppressum,</span> <span class='ocrx_word' id='word_1_130' title='bbox 577 3287 609 3330; x_wconf 92' lang='lat' dir='ltr'>ut</span> <span class='ocrx_word' id='word_1_131' title='bbox 632 3271 713 3351; x_wconf 87' lang='lat' dir='ltr'>loqui</span> <span class='ocrx_word' id='word_1_132' title='bbox 738 3292 798 3331; x_wconf 91' lang='lat' dir='ltr'>non</span> <span class='ocrx_word' id='word_1_133' title='bbox 825 3275 944 3353; x_wconf 87' lang='lat' dir='ltr'>possit,</span> 
     </span>
     <span class='ocr_line' id='line_1_23' title="bbox 259 3350 946 3489; baseline 0.006 -80"><span class='ocrx_word' id='word_1_134' title='bbox 259 3350 407 3410; x_wconf 79' lang='lat' dir='ltr'>Antonius</span> <span class='ocrx_word' id='word_1_135' title='bbox 437 3350 474 3412; x_wconf 87' lang='lat' dir='ltr'>de</span> <span class='ocrx_word' id='word_1_136' title='bbox 507 3351 572 3431; x_wconf 81' lang='lat' dir='ltr'>lege</span> <span class='ocrx_word' id='word_1_137' title='bbox 611 3352 680 3489; x_wconf 57' lang='lat' dir='ltr'>tpsid</span> <span class='ocrx_word' id='word_1_138' title='bbox 713 3354 816 3433; x_wconf 82' lang='lat' dir='ltr'>egerit.</span> <span class='ocrx_word' id='word_1_139' title='bbox 844 3351 946 3413; x_wconf 83' lang='lat' dir='ltr'>Liceat</span> 
     </span>
    </p>
   </div>
   <div class='ocr_carea' id='block_1_7' title="bbox 256 3428 950 3838">
    <p class='ocr_par' dir='ltr' id='par_1_8' title="bbox 256 3428 950 3838">
     <span class='ocr_line' id='line_1_24' title="bbox 258 3428 946 3513; baseline 0.01 -24"><span class='ocrx_word' id='word_1_140' title='bbox 258 3431 350 3490; x_wconf 85' lang='lat' dir='ltr'>modi&gt;</span> <span class='ocrx_word' id='word_1_141' title='bbox 380 3428 512 3492; x_wconf 87' lang='lat' dir='ltr'>rusticari.</span> <span class='ocrx_word' id='word_1_142' title='bbox 538 3429 588 3489; x_wconf 89' lang='lat' dir='ltr'>Ad</span> <span class='ocrx_word' id='word_1_143' title='bbox 641 3431 804 3510; x_wconf 87' lang='lat' dir='ltr'>ithynicum</span> <span class='ocrx_word' id='word_1_144' title='bbox 836 3430 946 3513; x_wconf 75' lang='lat' dir='ltr'>scripsi.</span> 
     </span>
     <span class='ocr_line' id='line_1_25' title="bbox 257 3507 944 3590; baseline 0.007 -21"><span class='ocrx_word' id='word_1_145' title='bbox 257 3507 308 3570; x_wconf 89' lang='lat' dir='ltr'>De</span> <span class='ocrx_word' id='word_1_146' title='bbox 332 3508 456 3570; x_wconf 87' lang='lat' dir='ltr'>Servilio</span> <span class='ocrx_word' id='word_1_147' title='bbox 483 3526 514 3569; x_wconf 86' lang='lat' dir='ltr'>tu</span> <span class='ocrx_word' id='word_1_148' title='bbox 540 3509 669 3584; x_wconf 85' lang='lat' dir='ltr'>videris,</span> <span class='ocrx_word' id='word_1_149' title='bbox 689 3514 738 3590; x_wconf 86' lang='lat' dir='ltr'>qui</span> <span class='ocrx_word' id='word_1_150' title='bbox 766 3510 944 3574; x_wconf 66' lang='lat' dir='ltr'>senectutem</span> 
     </span>
     <span class='ocr_line' id='line_1_26' title="bbox 258 3588 946 3674; baseline 0.01 -25"><span class='ocrx_word' id='word_1_151' title='bbox 258 3610 319 3650; x_wconf 90' lang='lat' dir='ltr'>non</span> <span class='ocrx_word' id='word_1_152' title='bbox 340 3593 509 3653; x_wconf 87' lang='lat' dir='ltr'>contemnis.</span> <span class='ocrx_word' id='word_1_153' title='bbox 529 3588 591 3650; x_wconf 83' lang='lat' dir='ltr'>Etsi</span> <span class='ocrx_word' id='word_1_154' title='bbox 609 3589 723 3652; x_wconf 85' lang='lat' dir='ltr'>Atticus</span> <span class='ocrx_word' id='word_1_155' title='bbox 744 3590 861 3666; x_wconf 88' lang='lat' dir='ltr'>noster,</span> <span class='ocrx_word' id='word_1_156' title='bbox 878 3595 946 3674; x_wconf 81' lang='lat' dir='ltr'>quia</span> 
     </span>
     <span class='ocr_line' id='line_1_27' title="bbox 257 3670 947 3746; baseline 0.012 -19"><span class='ocrx_word' id='word_1_157' title='bbox 257 3670 405 3746; x_wconf 88' lang='lat' dir='ltr'>quondam</span> <span class='ocrx_word' id='word_1_158' title='bbox 424 3692 472 3732; x_wconf 91' lang='lat' dir='ltr'>me</span> <span class='ocrx_word' id='word_1_159' title='bbox 493 3674 675 3732; x_wconf 85' lang='lat' dir='ltr'>commoveri</span> <span class='ocrx_word' id='word_1_160' title='bbox 690 3680 807 3738; x_wconf 64' lang='lat' dir='ltr'>rasistis</span> <span class='ocrx_word' id='word_1_161' title='bbox 828 3675 947 3737; x_wconf 85' lang='lat' dir='ltr'>intelie-</span> 
     </span>
     <span class='ocr_line' id='line_1_28' title="bbox 256 3748 950 3838; baseline 0.017 -34"><span class='ocrx_word' id='word_1_162' title='bbox 256 3748 314 3821; x_wconf 80' lang='lat' dir='ltr'>xit,</span> <span class='ocrx_word' id='word_1_163' title='bbox 328 3750 405 3812; x_wconf 90' lang='lat' dir='ltr'>idem</span> <span class='ocrx_word' id='word_1_164' title='bbox 422 3752 534 3835; x_wconf 85' lang='lat' dir='ltr'>semper</span> <span class='ocrx_word' id='word_1_165' title='bbox 550 3769 645 3833; x_wconf 83' lang='lat' dir='ltr'>putat,</span> <span class='ocrx_word' id='word_1_166' title='bbox 658 3771 713 3815; x_wconf 85' lang='lat' dir='ltr'>nec</span> <span class='ocrx_word' id='word_1_167' title='bbox 726 3750 810 3815; x_wconf 87' lang='lat' dir='ltr'>videt</span> <span class='ocrx_word' id='word_1_168' title='bbox 818 3797 828 3828; x_wconf 91' lang='lat'>,</span> <span class='ocrx_word' id='word_1_169' title='bbox 840 3754 950 3838; x_wconf 76' lang='lat' dir='ltr'>quibus</span> 
     </span>
    </p>
   </div>
   <div class='ocr_carea' id='block_1_8' title="bbox 0 0 1210 5492">
    <p class='ocr_par' dir='ltr' id='par_1_9' title="bbox 0 0 1210 5492">
     <span class='ocr_line' id='line_1_29' title="bbox 0 0 1210 5492; baseline 0 1"><span class='ocrx_word' id='word_1_170' title='bbox 0 0 1210 5492; x_wconf 95' lang='lat' dir='ltr'> </span> 
     </span>
    </p>
   </div>
  </div>
 </body>
</html>
