2409 5492
369 1222 448 1300 '¹24
519 1204 896 1277 Ennomon

368 1318 449 1400 sequi
470 1323 597 1399 potuit,
623 1341 683 1379 non
704 1317 804 1379 defuit.
836 1318 934 1398 Quod
960 1344 964 1375 ι

367 1398 495 1477 speraret
526 1418 556 1460 te
586 1419 703 1481 quoque
731 1403 772 1459 ita
795 1401 957 1461 existimare

366 1478 537 1559 Hispaniam
561 1481 599 1539 ad
621 1497 680 1554 te,
708 1480 833 1538 maxime
855 1481 904 1540 ille
930 1502 963 1561 qr

368 1558 419 1618 suo
441 1562 584 1633 consilio,
607 1558 764 1620 sedetiam
786 1579 835 1618 me
857 1560 963 1620 audior<

368 1638 523 1718 prosedas.
542 1637 675 1722 Cuiego
691 1640 963 1701 commendationen

368 1712 443 1779 smn'
455 1718 625 1801 'poilicitu53
649 1742 709 1780 non
748 1722 796 1779 uin
815 1740 879 1779 eant
896 1722 962 1782 valit

368 1800 447 1881 apud
467 1819 495 1861 te
514 1801 683 1872 arbitrarer,
698 1740 747 1859 sed
762 1820 857 1881 neque
876 1802 946 1860 mihi

369 1883 625 1946 commendatione
637 1881 808 1953 videbatur,
824 1884 873 1962 qui
885 1882 961 1942 &in

370 1979 468 2035 tecum
493 1960 585 2023 stridet
608 2005 617 2033 ,
647 1962 709 2034 &‚
737 1979 857 2042 propter
879 1982 960 2022 ment

370 2041 494 2114 Crassi,
523 2042 559 2100 de
583 2042 638 2100 tuis
657 2062 731 2100 unus
752 2041 849 2101 edet:
880 2042 940 2116 δι,

369 2121 671 2181 commendationibus
688 2120 795 2194 vellet,
812 2124 898 2182 etiam
912 2143 960 2202 pet

367 2204 437 2269 euin
458 2202 596 2263 videbam
618 2202 647 2260 id
673 2200 807 2281 consequi
833 2201 924 2282 posse.
951 2201 960 2218 '

368 2284 500 2341 monium
519 2284 578 2341 mei
599 2280 635 2342 de
652 2300 689 2341 eo
708 2281 826 2359 judicii,
848 2281 959 2363 quod!

368 2362 466 2444 magni
483 2362 663 2435 aestimabar,
682 2362 714 2420 ὃ(
731 2382 789 2444 ego
809 2362 885 2442 apud
905 2378 936 2423 te
953 2386 959 2401 ¹

368 2462 446 2502 eram
463 2459 621 2525 extremas,
640 2443 669 2501 ei
683 2441 806 2502 libenter
824 2443 903 2503 dedi.
920 2440 958 2502 1).

367 2525 453 2617 igitur
477 2524 628 2585 hominem
649 2526 797 2607 cognovi,
819 2523 852 2583 &
871 2520 958 2583 studii

368 2608 446 2664 timis
463 2605 614 2677 deditum,
631 2602 718 2684 idque
733 2622 862 2684 apuero.
877 2601 955 2663 Nam

368 2705 449 2744 nteae.
459 2707 525 2744 cum
541 2684 676 2745 Diodoto
693 2682 811 2757 Stoico,
826 2685 946 2745 homine

369 2761 498 2838 judicio,
525 2765 747 2842 eruditissimo,
777 2767 900 2824 multum
921 2786 938 2825 a

369 2842 431 2902 suit.
463 2844 547 2902 Nunc
568 2862 664 2902 autem
686 2845 816 2906 incensus
842 2844 934 2906 studio

369 2938 500 2993 tuarum,
526 2943 574 2982 aas
595 2925 694 2982 litteris
714 2923 827 2985 Graecis
843 2928 956 2986 mandat

368 3003 475 3079 piebat.
495 3002 575 3063 Poffe
595 3005 716 3064 arbitror
730 3026 736 3062 :
750 3007 829 3067 valet
844 3008 955 3088 ingeni<

368 3084 419 3143 ber
440 3083 543 3159 usum,
564 3082 622 3164 jam
639 3087 751 3165 pridem
770 3088 799 3144 in
819 3107 857 3146 eo
875 3107 955 3168 genet

370 3163 409 3223 dii
430 3162 644 3247 litterart'tmqne
663 3165 806 3235 versatur:
821 3166 955 3229 satisface:

370 3248 536 3307 mortalitati
557 3247 674 3306 laudum
693 3262 806 3306 tuarum
822 3249 954 3310 mirabilit

371 3331 422 3406 pit.
454 3327 554 3387 Habes
574 3329 719 3407 opinionis
742 3346 815 3386 meae
834 3327 954 3389 tessimm

370 3408 419 3467 sed
441 3409 548 3468 tuboe
571 3407 681 3466 facilins
703 3408 822 3480 multi),
844 3431 899 3490 pro
917 3424 953 3468 tta

369 3490 459 3569 gulari
487 3486 663 3568 prudentia,
687 3484 836 3564 judicabis.
864 3487 902 3549 Et
927 3507 953 3550 ta

370 3571 448 3627 ruod
471 3589 515 3649 nc*
529 3588 645 3629 averam
665 3613 674 3642 ,
701 3569 878 3629 commendo
898 3570 951 3629 tibi

370 3590 527 3727 (Quidquid
544 3651 571 3708 ei
593 3649 848 3725 commodaveris,
870 3653 924 3712 crit
945 3652 952 3711 i

368 3726 463 3810 jorem
477 3732 509 3807 iri
527 3729 649 3791 modum
666 3744 790 3812 gratum.
