2409 5492
283 1276 346 1328 Ar)
360 1257 711 1351 QAEnArrrrrr'err.
727 1260 795 1331 Ill.
820 1261 896 1358 369

213 1372 244 1436 ἃ
269 1377 420 1435 aviarium.
447 1372 526 1433 Villa
554 1373 624 1432 mihi
649 1373 734 1434 valde
757 1374 897 1453 placuit,¹

213 1474 369 1535 propterea
388 1455 469 1536 quod
488 1454 626 1514 summam
647 1456 816 1538 dignitatem
838 1475 897 1536 pa-

213 1539 372 1597 vimentata
395 1538 521 1614 porticus
548 1536 671 1594 habebar
690 1557 697 1595 :
717 1535 797 1616 quod
824 1536 897 1597 milri

213 1637 288 1677 nunc
319 1616 443 1695 denique
466 1617 624 1696 apparuit,
649 1614 836 1696 posteaquam
862 1616 896 1676 δι

213 1697 223 1755 i
244 1696 271 1755 sa
291 1714 354 1757 tota
376 1713 473 1777 patet,
497 1698 529 1755 &
544 1698 687 1754 columnae
709 1696 804 1777 polirae
823 1695 898 1758 sunt.

213 1718 324 1837 lorum
340 1779 371 1836 in
388 1797 425 1837 eo
445 1775 486 1836 est
502 1775 609 1856 (quod
634 1777 703 1835 mihi
723 1778 776 1835 erit
797 1774 898 1859 curae)

213 1857 368 1918 teclorium
392 1876 423 1918 ut
447 1859 621 1916 concinnum
642 1859 678 1917 sit
700 1876 707 1915 ι
732 1858 900 1936 pavimenta

214 1937 290 1998 recle
316 1937 378 1997 fieri
399 1938 570 1998 videbantur
588 1959 595 1997 :
617 1957 742 1997 cameras
761 1935 898 2018 quasdam

215 2040 274 2079 non
292 2017 436 2098 probavi,
454 2022 613 2098 mutarique
634 2015 712 2096 jussi.
733 2016 811 2096 Quo
828 2017 899 2080 loco

215 2100 244 2159 in
271 2101 386 2179 porticu
406 2098 576 2163 rescribere
603 2101 682 2158 aiunt
705 2117 736 2158 ut
764 2098 898 2158 atriolum

216 2177 284 2253 fiat,
299 2180 391 2250 milri,
405 2197 436 2239 ut
446 2177 487 2239 est
501 2225 510 2252 ‚
529 2182 619 2257 magis
637 2180 787 2260 placebat:
801 2199 898 2260 neque

216 2261 292 2321 enim
310 2258 374 2319 satis
390 2259 448 2318 loci
466 2259 521 2319 elle
538 2260 688 2320 videbatur
705 2261 806 2319 atriolo
821 2281 830 2331 3
843 2280 899 2320 ne·

216 2360 271 2421 que
289 2337 352 2399 fere
365 2338 438 2399 solet
453 2341 507 2398 nisi
526 2342 555 2398 in
568 2341 612 2399 his
633 2338 757 2399 aedificiis
774 2338 850 2412 fieri,
865 2342 897 2400 in

216 2421 318 2501 quibus
338 2416 379 2479 est
394 2421 498 2478 atrium
514 2418 604 2494 majus
625 2439 703 2491 3nec
720 2420 826 2480 habere
844 2442 899 2499 po·

215 2517 289 2563 terat
306 2498 439 2578 adjuncia
455 2500 602 2573 cubicula,
613 2498 793 2578 &ejusmodi
807 2520 901 2559 mem-

217 2580 277 2641 bra.
293 2578 380 2640 Nunc
393 2581 449 2639 hoc
463 2581 512 2640 vel
530 2577 655 2641 honestae
673 2579 835 2653 testudinis,
849 2580 900 2640 vel

216 2661 302 2723 valde
320 2662 390 2720 boni
408 2658 494 2720 aestivi
507 2662 605 2720 locum
627 2661 780 2720 obtinebit.
795 2660 843 2719 Tu
856 2679 902 2720 ta·

218 2762 285 2807 men
304 2744 329 2801 si
348 2742 429 2801 aliter
450 2739 535 2801 sentis
553 2787 563 2815 ,
583 2739 705 2816 rescribe
729 2742 816 2820 quim
837 2742 901 2820 pri-
995 2750 999 2757 ·

217 2825 307 2883 mium.
327 2819 362 2881 ln
378 2822 549 2891 balneariis,
568 2818 624 2879 alla
637 2822 667 2878 in
686 2820 805 2880 alterum
822 2843 901 2901 apo-

217 2903 325 2984 dyterii
337 2904 474 2982 angulum
485 2903 642 2982 promovi,
655 2918 809 2982 propterea
819 2902 900 2982 quod

218 2986 258 3043 ira
275 3003 357 3043 erant
380 2986 495 3063 posita,
517 3000 549 3041 ur
573 3003 674 3064 eorum
694 2986 901 3073 vaporarium,

220 3084 256 3124 ex
274 3084 335 3144 quo
350 3065 423 3144 ignis
437 3065 579 3142 erumpit,
600 3062 668 3122 ellet
678 3062 902 3140 subpeflumcu-

219 3145 329 3204 biculis.
349 3143 517 3223 subgrande
546 3143 708 3202 cubiculum
728 3161 847 3212 autem,
867 3144 902 3202 δε

219 3224 371 3285 hibernum
390 3225 479 3284 altum
499 3224 584 3283 valde
605 3223 747 3302 probavi,
768 3223 846 3301 quod
868 3222 902 3281 &

219 3306 315 3385 ampla
330 3323 431 3376 erant,
453 3307 484 3361 &
505 3305 573 3362 loco
590 3305 684 3380 posita
700 3346 709 3373 ,
725 3302 902 3362 ambulatio-

219 3388 263 3445 nis
286 3407 347 3446 uno
374 3386 484 3452 latere,
505 3404 542 3442 eo
563 3382 643 3462 quod
671 3380 711 3442 est
736 3385 902 3461 proximum

219 3466 373 3534 balneariis
403 3463 563 3524 Columnas
578 3481 672 3542 neque
684 3461 791 3534 tellas,
804 3482 901 3541 neque

221 3565 238 3607 e
262 3548 383 3626 regione
403 3544 538 3624 Diphilus
561 3545 715 3603 collocarat
737 3563 744 3599 τ
763 3562 811 3601 eas
831 3542 903 3601 scili·
946 3600 949 3605 .

221 3645 268 3686 cet
290 3627 462 3686 demolietur
483 3646 491 3684 ι
512 3623 667 3702 aliquando
695 3622 903 3702 perpendiculo

222 3707 253 3775 β(
276 3709 352 3765 lineri
373 3706 461 3766 discet
476 3708 526 3764 uti.
550 3703 683 3764 Omnino
700 3701 783 3780 spero
805 3706 903 3782 paucis

221 3787 370 3852 mensibus
393 3808 467 3869 opus
493 3785 608 3867 Diphili
633 3781 789 3865 persenam
814 3782 902 3846 fore:

726 3861 795 3945 Qu
