2409 5492
272 1228 354 1327 '326
423 1226 798 1296 Errsrorarvn

275 1341 345 1404 scio.
369 1338 419 1411 An
447 1359 504 1422 ego
530 1336 643 1419 polium
669 1353 802 1397 autnon
829 1336 965 1420 cogitare

274 1421 430 1502 aliquando
448 1421 485 1481 de
500 1436 550 1491 te;
565 1435 615 1478 aur
629 1437 768 1497 umquam
783 1420 847 1478 sine
861 1420 961 1502 lacry-

276 1505 331 1565 mis
351 1499 504 1584 cogitare?
521 1498 627 1578 Quum
648 1501 726 1559 enim
744 1516 775 1558 te
798 1497 963 1575 desidero,

237 1642 239 1645 .
274 1581 393 1644 fratrem
408 1581 501 1642 solum
519 1577 673 1641 desidero?
690 1576 755 1660 Ego
773 1581 850 1640 verb
865 1579 963 1644 suavi.

274 1677 334 1724 tate
366 1663 460 1743 prope
492 1660 639 1733 fratrem,
663 1661 756 1740 prope
784 1662 962 1741 aequalem,

275 1741 417 1823 obsequio
431 1741 542 1816 filium,
556 1740 678 1802 consilio
695 1757 859 1820 parentem.
875 1739 963 1820 Quid

276 1823 349 1884 milri
369 1826 481 1891 sinete
502 1844 550 1882 um
573 1841 663 1896 uam,
683 1838 731 1880 aut
752 1821 805 1881 tibi
826 1825 890 1882 sine
912 1842 964 1883 me

277 1900 436 1982 jucundum
453 1903 526 1964 suit?
546 1843 649 1980 (guid,
664 1901 743 1981 quod
762 1901 870 1962 eodem
884 1921 962 1963 tem·

277 2004 352 2064 pore
383 1984 516 2046 desidero
540 1981 651 2043 filiam?
675 1983 732 2064 qui
773 1985 882 2058 ietate,
902 1982 964 2063 qud

279 2063 450 2138 modesliti,
476 2085 534 2144 quo
563 2061 706 2144 ingenio?
730 2083 747 2123 e
779 2066 858 2146 giem
874 2065 959 2137 oris,

277 2143 445 2217 sermonis,
467 2145 555 2203 animi
578 2143 661 2204 mei?
685 2143 769 2222 Quid
791 2143 879 2204 filium
895 2163 957 2204 ve-

275 2223 486 2299 nustissimum,
500 2224 628 2304 mihique
642 2223 857 2285 dulcissimum?
870 2242 960 2304 quem

275 2323 336 2386 ego
356 2303 433 2364 serus
456 2326 490 2364 ac
514 2303 624 2365 ferreus
650 2325 676 2365 e>
690 2306 846 2385 complexu
863 2303 961 2364 dimisi

276 2398 369 2460 meo,
391 2384 594 2466 sapientiorem
619 2406 764 2466 puerum,
786 2406 874 2466 quam
892 2384 964 2446 vel-

277 2465 365 2526 lem:
388 2464 526 2527 sentiebat
556 2469 635 2526 enirn
664 2466 749 2526 miser
774 2463 863 2543 jam,
890 2465 963 2546 quid

277 2563 421 2629 ageretur.
442 2545 529 2626 Quid
545 2549 619 2608 verb
644 2564 726 2622 tuum
746 2545 867 2607 filium?
893 2545 965 2628 quid

280 2629 338 2688 ima
361 2631 440 2688 inem
470 2645 573 2702 ruam,
591 2647 680 2709 quem
701 2647 784 2692 meus
804 2627 912 2688 Cicero
934 2627 966 2687 de

280 2648 395 2768 amalsat
417 2725 449 2768 ut
471 2708 615 2780 fratrem,
645 2709 677 2768 &
697 2705 755 2784 jam
772 2723 804 2767 ut
819 2705 965 2785 majorem

279 2787 398 2847 fratrem
416 2789 593 2849 verebatur?
613 2787 696 2866 Quid
715 2788 794 2868 quod
812 2789 965 2848 mulierem

278 2868 491 2941 miserrimam,
509 2869 705 2929 fidelissimam
726 2866 901 2950 conjugem,
916 2889 965 2929 me

279 2948 413 3027 prosequi
440 2969 500 3007 non
529 2949 590 3007 sum
615 2947 730 3029 passus,
757 2968 789 3009 ut
811 2948 881 3010 esset
901 2970 966 3030 quae

278 3028 412 3107 reliquias
431 3032 592 3088 communis
616 3032 806 3102 calamitatis,
824 3051 965 3090 commu-

279 3128 332 3167 nes
348 3109 455 3168 liberos
472 3109 621 3170 tueretur?
637 3110 695 3171 Sed
709 3129 827 3183 tamen,
844 3131 965 3192 quoquo

280 3189 371 3250 modo
392 3192 497 3270 potui,
517 3190 636 3269 scripsi,
658 3191 690 3250 &
711 3191 778 3250 dedi
800 3192 908 3251 litteras
927 3189 965 3251 ad

279 3287 308 3330 te
333 3270 525 3352 Philogono,
554 3272 660 3331 liberto
683 3290 755 3345 tu0‚
783 3292 854 3350 quas
874 3272 964 3332 credo

279 3352 330 3409 tibi
353 3349 452 3431 postea
469 3353 593 3412 redditas
614 3350 669 3412 elle
687 3373 694 3409 s
716 3354 745 3410 in
763 3353 868 3431 quibus
884 3351 965 3412 idem

279 3448 310 3491 te
334 3431 434 3491 hortor
453 3433 485 3492 &
505 3454 605 3514 rogo,
624 3432 703 3512 quod
718 3436 804 3571 pueri
819 3435 871 3491 tibi
891 3454 965 3495 ver-

280 3512 325 3571 bis
351 3514 423 3574 meis
445 3517 638 3586 nuntiarunt,
666 3531 698 3572 ut
748 3535 846 3572 ornam
868 3517 965 3593 proti·

280 3613 334 3652 nus
352 3615 453 3675 pergas
474 3595 506 3654 dt
525 3614 674 3676 properes.
695 3592 822 3652 Primum
841 3597 920 3653 enim
935 3613 965 3656 te

281 3675 416 3748 praesidio
435 3674 489 3734 elle
506 3677 607 3749 volui,
626 3677 649 3733 si
668 3677 716 3754 qui
734 3674 823 3735 ellent
839 3677 967 3748 inimici,

280 3770 404 3828 quorum
431 3759 583 3837 crudelitas
614 3757 745 3818 nondum
771 3754 841 3816 esset
870 3753 967 3828 nostri
