2409 5492
314 1232 394 1309 260
472 1229 837 1297 Ennomon

317 1344 375 1407 ess'e'
389 1389 409 1422 ,,
429 1342 489 1424 quo
521 1344 557 1401 sit
586 1338 748 1400 studiosior.
775 1338 1002 1413 Innumerabilia·

315 1443 365 1486 tua
388 1422 502 1484 suntin
523 1442 571 1481 me
595 1417 717 1492 officia,
748 1419 930 1496 domestica,
952 1423 1001 1483 fd-

316 1508 436 1576 rensia,
458 1503 586 1573 urbana,
605 1500 814 1580 provincialia,
834 1505 864 1560 in
890 1523 922 1562 re
940 1505 1001 1584 pri·

317 1603 406 1657 vata,
429 1586 458 1642 in
481 1582 620 1662 publica,
643 1583 673 1638 in
692 1578 788 1641 studiis
809 1626 819 1654 ,
848 1585 879 1640 in
899 1584 1005 1645 litteris

317 1664 428 1727 nostris.
452 1661 563 1723 Omnia
582 1663 707 1733 viceris,
727 1663 750 1719 si
766 1705 780 1733 ‚
795 1678 827 1720 ut
846 1662 932 1742 spero
947 1708 958 1736 ,
972 1683 1003 1726 te

316 1745 446 1807 validum
466 1743 579 1802 videro.
594 1738 657 1821 Ego
676 1756 746 1819 puto
766 1758 794 1798 te
814 1741 973 1803 bellissime
991 1789 1004 1818 ‚

318 1828 342 1885 si
373 1823 449 1886 rell'e
479 1825 560 1895 erit,
588 1842 658 1880 cnm
687 1818 825 1899 quaestore
858 1821 1000 1884 Mescinio

319 1905 504 1966 decursurum
519 1914 530 1961 ε’
547 1924 608 1961 non
628 1900 796 1961 inhumanus
816 1899 877 1975 est3
895 1922 983 1983 teque
992 1948 1010 1979 ,.

320 2002 353 2047 ut
377 1985 447 2045 mihi
465 1980 539 2043 visus
560 1979 621 2055 est,
641 1981 691 2039 dili
711 1984 740 2040 it.
758 1978 794 2039 Et
813 2002 903 2062 quum
920 1984 1012 2065 vale·¹

320 2066 412 2127 tudini
423 2082 478 2124 tuae
492 2063 708 2142 diligentissime
722 2060 910 2137 consulueris,
923 2080 986 2123 tum
995 2108 1013 2139 ,

321 2150 363 2205 mi
385 2143 481 2216 Tito,
503 2139 642 2201 consulito
664 2144 850 2223 navigationi.
869 2142 955 2203 Nulla
971 2146 1005 2203 in

319 2245 352 2285 re
377 2222 435 2301 jam
459 2238 487 2282 te
508 2221 640 2281 fellinarc
660 2222 732 2281 volo
753 2243 759 2279 :
787 2222 857 2281 nihil
873 2220 976 2283 laboro
993 2218 1013 2299 ,ζ

320 2305 375 2365 nisi
397 2320 428 2365 ut
448 2300 538 2362 salvus
560 2300 674 2361 sis.'Si'c
698 2299 831 2372 habeto,
850 2305 891 2361 mi
909 2297 1014 2379 Tito,.

320 2386 469 2445 neminem
490 2381 550 2442 elle-
567 2383 617 2460 qui
639 2399 689 2441 me
710 2398 815 2454 amet,
836 2384 905 2461 quin
923 2382 1015 2461 idem,

321 2483 351 2526 te
372 2481 469 2534 amet3
491 2464 521 2521 &
544 2480 634 2542 quum
651 2459 722 2533 tui,
745 2461 775 2521 &
794 2464 859 2521 meti
879 2462 1011 2525 maxime

320 2542 436 2606 interest
455 2561 483 2603 te
510 2542 608 2602 valere
628 2586 637 2614 ‚
662 2559 723 2599 tum
743 2542 840 2601 multis
859 2540 901 2601 est
918 2542 1014 2617 ct'traz.¹

322 2624 449 2703 Adhuc,
468 2623 537 2683 dum
556 2621 725 2683 mihi'nullo
745 2622 814 2687 loco
830 2620 925 2685 deelle
941 2626 1016 2701 vis,k

322 2724 395 2767 num
416 2726 483 2766 uam
511 2722 539 2765 te
565 2699 733 2764 confirmare
761 2699 903 2782 'potuistit
927 2724 1008 2765 nunc

322 2803 354 2846 te
374 2728 443 2845 nllil
462 2784 602 2864 impedit:
622 2785 719 2842 omnia
737 2782 873 2862 depone,
890 2784 1013 2864 corpori

323 2865 406 2927 servi.
436 2864 584 2941 Quantam
609 2864 782 2945 diligentiam
806 2865 836 2922 in
862 2865 1012 2925 valetudi-

321 2965 393 3005 nem
416 2962 496 3002 tuam
520 2945 676 3003 contuleris
700 2988 709 3016 ,
729 2947 799 3005 tanti
827 2964 874 3004 me
900 2943 963 3005 lieri
990 2966 1011 3006 a

323 3038 353 3084 t'e
383 3021 528 3100 judicabo.
564 3024 670 3096 Vale,
698 3027 739 3082 mi
770 3022 842 3084 Tiro
867 3070 877 3096 ‚
911 3025 978 3085 vale
997 3069 1016 3100 ,

322 3104 407 3176 vale,
429 3103 459 3163 8(
475 3103 560 3164 salve.
580 3103 672 3184 Lepta
693 3105 744 3164 tibi
766 3103 884 3164 salutem
905 3106 974 3166 dicit
994 3149 1014 3180 ,

325 3183 359 3326 {t
386 3192 499 3327 omlnes.
527 3184 614 3249 Vale.
640 3202 700 3250 vn.
721 3183 788 3247 Idus
816 3183 1014 3253 Novembris.

352 3283 422 3328 euca
443 3285 469 3329 Θ.
