2409 5492
321 1262 384 1315 Ao
400 1244 624 1313 FAnrrzrnn.
642 1243 730 1315 Lrn.
743 1245 824 1317 XV.
853 1267 928 1341 233

257 1358 353 1431 video;
369 1357 421 1418 res
489 1355 548 1437 ipsa
565 1356 690 1417 declarat
707 1357 759 1418 tibi
776 1358 856 1418 illum
878 1360 935 1419 ho-

256 1459 348 1499 norem
377 1377 507 1499 seddim
531 1434 744 1516 supplicationis
773 1435 932 1499 'ucundum

256 1517 347 1593 tarde,
364 1517 448 1599 qubd
464 1514 616 1577 scribendo
633 1514 741 1578 affuisti.
762 1459 835 1579 slaec
850 1522 931 1597 enim

255 1597 488 1660 senatusconsulta
503 1616 563 1655 non
580 1599 682 1679 ignoro
701 1597 737 1655 ab
752 1600 931 1658 amicissimis

213 1734 214 1749 ,
256 1676 328 1756 ejus,
347 1676 432 1756 cujus
452 1676 489 1738 de
509 1677 621 1737 honore
645 1679 759 1759 agitur,
780 1676 862 1737 scribi
881 1678 932 1739 so-

255 1759 315 1819 lere.
343 1758 433 1840 Ego,
454 1772 487 1816 ut
511 1755 618 1834 spem,
640 1772 670 1817 te
688 1757 860 1836 propediem
882 1761 931 1817 vi·
963 1808 967 1815 .

257 1838 351 1910 debo,
379 1856 467 1917 atque
494 1838 602 1895 utinam
623 1836 772 1917 republica
790 1838 933 1913 meliore,

256 1918 335 1998 qu'am
355 1921 461 1977 timeo.
483 1914 570 1975 Vale.
903 1922 907 1933 “

271 2014 313 2093 Μ.
338 2015 382 2079 Τ.
408 2014 447 2077 C.
477 2014 623 2077 Pnocos.
651 2014 689 2076 C.
721 2015 913 2079 Mnncstto
989 2022 999 2031 ⁴

385 2092 470 2158 Cos.
498 2115 630 2158 nestero.
656 2095 687 2156 S.
707 2095 739 2157 P.
757 2095 800 2157 D.

260 2198 281 2246 C.
297 2195 518 2253 Μιισειιο,
538 2197 619 2247 Marri
632 2200 755 2266 patrueli,
767 2200 796 2250 de
812 2198 936 2266 consulare

285 2270 448 2336 patescent,
470 2271 591 2338 postquam
610 2271 701 2321 audirt't
720 2274 862 2343 designatum
879 2273 935 2340 effe·

287 2341 361 2392 Anno
379 2341 415 2394 v.
436 2345 464 2394 C.
487 2360 547 2409 7⁰2·

261 2506 284 2563 7.
294 2418 491 2551 Mutum
506 2489 567 2550 sum
583 2490 680 2552 laetitias
694 2490 829 2566 assedus,
844 2464 936 2575 quum

262 2568 349 2629 audivi
368 2589 398 2631 te
419 2569 566 2631 consulem
584 2568 690 2630 fadum
709 2572 788 2643 esse3
808 2592 933 2652 eumque

262 2647 398 2710 honorem
414 2652 466 2710 tibi
484 2650 554 2711 deos
572 2649 718 2711 fortunare
733 2652 828 2721 volo,
846 2671 936 2731 atque

262 2748 275 2787 a

287 2747 316 2788 te
368 2751 389 2790 o
408 2748 457 2789 tua
475 2730 655 2810 parentisque
674 2733 716 2789 tui
735 2731 871 2812 dignitate
886 2730 939 2791 ad·

262 2809 322 2867 mini
349 2811 413 2868 rari.
437 2807 514 2868 Nam
533 2831 622 2890 quum
637 2828 665 2868 te
684 2809 796 2890 semper
811 2810 905 2870 amavi
924 2854 937 2884 ‚

262 2886 416 2969 disexique3
431 2911 520 2970 quum
537 2893 595 2949 mei
608 2892 695 2949 etiam
711 2892 936 2951 amantissimum

262 2972 382 3049 cognovi
408 2971 437 3028 in
461 2972 543 3028 omni
566 2973 704 3029 varietate
731 2991 825 3030 rerum
852 2992 935 3030 ntea-

260 3067 340 3120 rnm3
360 3069 423 3108 tum
445 3053 532 3127 patris
553 3052 594 3108 tui
618 3050 743 3129 pluribus
762 3050 936 3125 beneficiis,

261 3128 304 3187 vel
320 3127 455 3188 defensus
474 3127 595 3188 tristibus
610 3133 805 3210 temporibus,
821 3131 869 3190 vel
887 3153 936 3188 ot·

260 3225 336 3266 natus
357 3208 513 3279 secundis,
534 3208 565 3266 ὅ(
585 3207 646 3267 sum
668 3228 745 3269 totus
766 3208 883 3279 vester,
906 3210 938 3269 &

260 3286 312 3348 effe
333 3287 449 3348 debeo:
469 3308 558 3367 quum
577 3288 731 3366 praesertim
750 3291 847 3347 matris
861 3304 940 3367 tuan²

260 3370 435 3454 gravissimae
460 3385 545 3446 atque
570 3370 687 3446 optimae
708 3369 849 3440 semina,
872 3389 939 3426 ma-

261 3467 319 3522 jora
343 3467 414 3528 erga
439 3445 560 3506 salutem
587 3447 815 3529 dignitatemque
841 3448 936 3505 meam

262 3524 366 3599 studia,
384 3525 473 3607 qubm
488 3543 568 3585 erant
586 3529 735 3588 amuliere
752 3524 938 3607 postulanda,

261 3605 461 3694 perspexerim.
483 3605 676 3685 Quapropter
700 3630 715 3665 a
739 3625 857 3685 repeto
878 3625 938 3663 nna·

258 3707 351 3763 rorem
375 3690 404 3746 in
424 3687 567 3756 modum,
591 3708 622 3746 ut
638 3706 686 3745 me
704 3685 848 3748 absentem
869 3686 939 3747 ditt-

258 3784 439 3851 gas„atque
464 3765 613 3833 defendas.
632 3765 722 3831 Vale.
