2409 5492
260 1251 341 1336 '304
410 1238 786 1307 Enrsror-Anunr

261 1353 374 1427 fuiffet,
394 1354 426 1414 &
445 1355 598 1431 temporis,
615 1349 718 1429 Quare
738 1373 806 1411 cura
824 1395 834 1426 ,
850 1368 883 1412 ut
902 1352 955 1413 bic·

264 1457 353 1494 annus
375 1479 385 1509 ,
415 1437 464 1513 qui
487 1433 522 1491 ad
545 1433 676 1491 laborem
696 1449 777 1491 tuum
799 1436 951 1508 accessit,

266 1516 345 1574 idem
370 1513 404 1572 ad
432 1512 550 1571 salutem
576 1514 655 1570 Asiae
685 1530 859 1592 prorogatus
892 1512 954 1574 esse¹

260 1595 409 1657 videatur:
422 1594 559 1672 quoniam
570 1595 599 1649 in
610 1610 638 1650 te
646 1592 798 1651 retinendo
808 1591 864 1652 fuit
873 1590 946 1653 Asia

261 1674 402 1745 felicior,
424 1672 510 1753 quim
528 1693 582 1730 nos
605 1675 634 1730 in
655 1672 852 1743 deducend03
876 1693 948 1751 per-

260 1749 348 1828 fice,
385 1771 417 1813 ut
449 1753 547 1811 laetitib
561 1755 733 1889 Fprovincie
766 1752 947 1813 desiderium

261 1830 390 1905 n'ostrum
409 1834 539 1893 leniatur.
587 1836 678 1892 renim
695 1877 705 1904 ,
726 1834 749 1890 si
769 1835 800 1890 in
822 1854 947 1911 prome·

263 1914 378 1987 rendo,
398 1931 429 1973 ut
445 1912 497 1971 tibi
518 1915 588 1970 tanti
606 1913 731 1971 honores
748 1912 950 1987 haberentur,

262 1996 362 2073 quanti
382 1992 456 2050 haud
475 1991 532 2051 scio
555 2014 591 2050 an
610 1993 718 2052 nemini
742 2037 752 2066 ,
780 1990 858 2051 suissi
876 2014 944 2053 om·

263 2077 343 2132 nium
363 2072 593 2153 diligentissimus
612 2095 621 2143 3
641 2073 733 2131 multb
752 2070 894 2147 majorem
913 2075 946 2131 itt

263 2154 306 2210 his
322 2153 478 2211 honoribus
491 2151 604 2211 tuendis
616 2152 751 2212 adhibere
765 2152 946 2233 diligentiam

262 2231 361 2291 debes.

303 2332 351 2384 24.
377 2308 413 2369 Et
438 2311 555 2390 quidem
577 2312 614 2372 de
634 2310 686 2371 isto
712 2331 818 2392 genere
841 2312 946 2373 hono-

260 2412 326 2451 rum
348 2392 417 2473 quid
443 2391 605 2464 sentirem,
631 2393 726 2472 scripsi
749 2392 785 2451 ad
804 2411 833 2453 re
854 2395 949 2453 ante:

261 2470 374 2553 semper
402 2492 453 2532 eos
473 2475 596 2552 putavi,
623 2475 646 2531 si
665 2472 798 2553 vulgares
819 2471 911 2533 effent
924 2501 947 2546 ¹,

260 2552 356 2625 viles;
377 2553 401 2611 si
423 2557 561 2632 temporis
581 2555 664 2611 causi
685 2550 946 2627 constituerentur,

264 2633 369 2704 leves3
391 2634 503 2693 sivero
523 2633 580 2713 (id
600 2634 679 2712 quod
700 2637 739 2692 ira
752 2631 860 2693 fabium
880 2630 946 2714 est)

259 2716 368 2773 meritis
403 2716 457 2773 tuis
490 2715 712 2785 tribuerentur,
746 2712 948 2773 existimabam

260 2794 380 2852 multam
399 2795 450 2852 tibi
467 2796 496 2850 in
515 2795 556 2851 his
572 2794 727 2852 honoribus
740 2794 854 2853 tuendis
870 2815 945 2873 ope·

260 2893 321 2929 ram
342 2871 396 2932 effe
419 2874 594 2950 ponendam.
616 2872 738 2950 Quare,
752 2878 893 2954 quoniam
914 2877 943 2932 in

258 2951 315 3010 istis
335 2952 449 3010 urbibus
468 2974 532 3010 cum
555 2953 666 3011 summo
687 2957 810 3032 imperio
834 2957 865 3013 ὃ(
887 2976 943 3034 po·

258 3029 357 3090 testate
383 3031 530 3103 versaris,
555 3035 583 3090 in
609 3034 711 3112 quibus
734 3052 795 3092 tuas
819 3039 943 3094 virtutes

258 3110 455 3183 consecratas,
473 3111 549 3170 &in
567 3113 689 3172 deorum
708 3135 829 3173 numero
851 3116 943 3175 collo·

258 3209 332 3250 tatas
348 3191 452 3261 vides;
472 3193 499 3249 in
520 3194 654 3252 omnibus
675 3194 779 3265 rebus,
798 3215 868 3273 quas
889 3192 944 3254 sta·

256 3290 342 3342 tues,
371 3293 441 3352 quas
471 3272 634 3346 decernes,
655 3295 724 3352 quas
746 3295 815 3353 ages
837 3319 847 3347 ,
874 3274 945 3355 quid

256 3355 341 3411 tantis
363 3352 514 3411 hominum
534 3353 740 3432 opinionibus,
758 3357 844 3414 tantis
860 3354 897 3414 de
913 3373 944 3415 te

257 3429 387 3508 judiciis,
407 3436 491 3491 tantis
513 3433 671 3492 honoribus
696 3434 802 3492 debeas
824 3479 834 3506 ,
861 3456 897 3495 co
917 3437 944 3494 i·

256 3513 338 3572 rabis.
354 3509 387 3571 ld
402 3530 498 3572 autem
515 3515 568 3572 erit
587 3511 745 3590 ejusmodi,
761 3531 792 3573 ut
812 3456 947 3575 consudas

259 3594 394 3653 omnibus
408 3638 420 3666 ,
433 3609 464 3652 ut
480 3593 615 3653 medeare
632 3594 826 3653 incommodis
847 3594 944 3654 homi·

255 3691 353 3743 num,
383 3674 536 3751 provideas
559 3673 664 3746 saluti,
682 3692 712 3732 ut
735 3690 765 3733 te
789 3694 946 3754 parentem

254 3748 331 3808 Asiae
352 3752 383 3812 &
401 3753 477 3827 diri,
494 3755 525 3814 ὅ(
545 3754 643 3815 haberi
660 3755 745 3816 velis.
