2409 5492
283 1202 964 1279 a

279 1325 531 1391 NOTANDA
551 1348 596 1394 nr
619 1324 967 1395 CORRIGENDA.

326 1459 435 1524 Inserta
449 1461 490 1524 eli
505 1483 613 1525 vocum
625 1459 795 1523 Graecarum
812 1460 915 1522 Latina

514 1566 724 1644 interpretatio.

295 1684 380 1746 Prior
403 1704 530 1746 numerus
552 1687 714 1766 paginam,
741 1686 813 1746 alter
839 1685 940 1745 lineam

559 1783 675 1843 indicat.

311 1902 341 1953 P.
361 1916 386 1954 1.
404 1903 422 1954 l.
446 1917 471 1964 ς.
492 1901 653 1954 Provinciam.
676 1903 781 1957 Galliam
802 1904 975 1964 citerioremi‘

271 1977 303 2026 ab
319 1976 373 2041 ipso
387 1974 499 2032 Caesare,
513 1980 568 2027 dunt
579 1979 689 2037 viveret,
708 1978 743 2028 D.
760 1977 837 2028 Bruto
851 1980 958 2048 assigna·

271 2060 342 2107 tam,
360 2049 385 2098 δι
401 2048 481 2114 pollet
498 2049 659 2101 confirmatam
680 2067 695 2100 a
709 2050 809 2111 senatu,
825 2069 895 2119 quarn
909 2051 958 2104 sibi

269 2122 408 2173 vindicabat
423 2121 553 2172 Antonius.
817 2120 820 2125 ’
890 2174 894 2183 ,

309 2210 344 2250 2,
360 2208 388 2259 9.
404 2194 555 2262 legationem
570 2195 677 2248 liberam.
689 2196 817 2250 Dabuntur
830 2198 860 2247 ab
869 2196 955 2251 senatu

268 2267 351 2317 liberae
366 2269 500 2335 legationes
512 2269 678 2324 senatoribus,
696 2269 796 2334 privatae
806 2271 843 2320 rei
861 2271 953 2332 cauti,

267 2353 297 2391 ut
315 2341 368 2389 voti
387 2340 513 2399 solvendi,
533 2341 674 2390 hereditatis
685 2352 727 2390 aut
739 2340 878 2408 syngraphae
897 2361 953 2410 pet·

267 2412 414 2479 sequenda,
434 2426 502 2462 extra
513 2413 605 2461 ltaliam
623 2413 781 2472 abeuntibus,
794 2425 822 2463 ut
831 2431 885 2463 curu
903 2432 955 2471 rara·¹

265 2485 323 2551 jore
342 2485 485 2553 dignitate,
504 2486 632 2535 securitate
653 2487 704 2536 διε.
726 2485 815 2550 ubique
831 2485 878 2536 elie
893 2487 951 2552 pos·

266 2559 329 2608 sent.
348 2558 389 2609 De
408 2558 445 2608 his
460 2558 595 2616 tollendis,
615 2558 668 2623 quia
684 2559 752 2609 multi
772 2559 951 2618 abutebantur,

265 2631 384 2682 retulerat
398 2631 428 2680 ad
443 2630 548 2680 senatum
559 2629 650 2680 Cicero
662 2631 760 2689 consul.
773 2631 813 2679 cui
827 2648 899 2696 quum
909 2631 951 2683 in·

264 2703 411 2755 tercessillet
430 2704 539 2753 tribunus
560 2703 657 2768 plebis,
675 2715 787 2753 tenuerat
803 2716 900 2763 tamen,
920 2716 950 2756 ut

264 2777 348 2827 harum
363 2789 458 2841 tempus
477 2793 580 2826 annuum
598 2776 671 2835 esset,
693 2776 757 2841 quod
775 2786 846 2826 antea
865 2775 950 2827 infini-

263 2863 316 2900 tum
335 2863 396 2901 erat.
416 2849 494 2902 Julius
515 2850 595 2901 Caesar
619 2850 649 2899 ad
666 2849 852 2916 quinquennium
871 2865 949 2901 revo-

263 2923 338 2973 cavit.

300 2997 363 3046 lbid.
383 3010 425 3060 17.
441 2995 513 3062 Aqui
536 2995 559 3044 6·
575 2994 626 3064 igni
645 2994 712 3046 nobis
728 2994 891 3048 interdicatur.
909 2995 947 3047 lta

261 3069 371 3136 plerique
390 3069 488 3119 codices
503 3085 557 3118 cunt
575 3082 679 3135 utroque
695 3069 774 3135 regio.
791 3067 830 3118 Eli
846 3085 861 3118 a
878 3067 948 3121 Gru·

258 3154 317 3192 teto
334 3145 430 3209 vulgata
445 3142 534 3196 leuia,
550 3143 611 3207 aqud
628 3143 650 3190 6·
666 3142 715 3209 igni
731 3141 906 3192 interdicamur.

298 3214 359 3265 ibid.
379 3215 420 3264 18.
437 3214 540 3264 Dandus
555 3215 588 3275 eJl
603 3214 669 3263 locus
681 3212 784 3278 sorum
795 3213 841 3262 lic.
853 3211 944 3264 Distin-
1018 3222 1022 3229 '

259 3288 341 3356 guitur
361 3289 432 3337 aliter
451 3288 491 3337 hic
512 3288 580 3336 locus
599 3286 625 3334 in
649 3286 786 3351 quibusdam
807 3285 947 3339 Gravirnie

258 3361 311 3410 rnls.
323 3360 426 3410 Dendut
437 3361 469 3421 est
485 3359 550 3409 loeus
559 3393 566 3417 ,
574 3357 677 3424 forem
691 3359 832 3416 cedendum,
850 3376 880 3409 eet
888 3358 945 3410 Ite·

259 3433 298 3482 lit
313 3434 455 3502 migrandum
473 3433 579 3482 Modum
597 3431 644 3480 ἃς.
808 3476 811 3483 .

297 3507 358 3557 lbid.
378 3521 421 3567 25.
441 3505 510 3556 Sext.
530 3502 676 3572 Pompeium.
698 3502 783 3572 Magni
801 3501 893 3563 filiurn,
915 3503 942 3556 iu

258 3578 390 3644 Hispania,
405 3577 520 3644 Boffum,
535 3578 559 3626 in
578 3577 659 3643 Syria.
742 3610 748 3649 q

296 3665 327 3715 3,
341 3667 383 3702 12.
401 3650 518 3700 Invidiam
531 3649 655 3716 fhciemus.
679 3649 705 3699 Si
726 3665 812 3715 nempe
830 3648 941 3702 vindice&

257 3724 377 3776 libertatis
393 3725 505 3791 praesidio
523 3740 596 3791 egere
614 3722 768 3774 videbuntur.

785 3787 856 3851 Xt
