<?xml version="1.0" encoding="UTF-8"?>
<!DOCTYPE html PUBLIC "-//W3C//DTD XHTML 1.0 Transitional//EN"
    "http://www.w3.org/TR/xhtml1/DTD/xhtml1-transitional.dtd">
<html xmlns="http://www.w3.org/1999/xhtml" xml:lang="en" lang="en">
 <head>
  <title>
</title>
<meta http-equiv="Content-Type" content="text/html;charset=utf-8" />
  <meta name='ocr-system' content='tesseract 3.04.00' />
  <meta name='ocr-capabilities' content='ocr_page ocr_carea ocr_par ocr_line ocrx_word'/>
</head>
<body>
  <div class='ocr_page' id='page_1' title='image "./mtulliiciceroni09lallgoog/mtulliiciceroni09lallgoog_0346.png"; bbox 0 0 2409 5492; ppageno 0'>
   <div class='ocr_carea' id='block_1_1' title="bbox 258 1242 792 1342">
    <p class='ocr_par' dir='ltr' id='par_1_1' title="bbox 258 1242 792 1342">
     <span class='ocr_line' id='line_1_1' title="bbox 258 1242 792 1342; baseline -0.006 -27"><span class='ocrx_word' id='word_1_1' title='bbox 258 1242 336 1342; x_wconf 84' lang='lat'>348</span> <span class='ocrx_word' id='word_1_2' title='bbox 411 1242 792 1312; x_wconf 67' lang='lat' dir='ltr'>Enrsroranvrt</span> 
     </span>
    </p>
   </div>
   <div class='ocr_carea' id='block_1_2' title="bbox 255 1354 984 2701">
    <p class='ocr_par' dir='ltr' id='par_1_2' title="bbox 255 1354 984 2701">
     <span class='ocr_line' id='line_1_2' title="bbox 259 1354 931 1442; baseline -0.004 -22"><span class='ocrx_word' id='word_1_3' title='bbox 259 1361 367 1442; x_wconf 85' lang='lat' dir='ltr'>placuit</span> <span class='ocrx_word' id='word_1_4' title='bbox 387 1356 528 1418; x_wconf 85' lang='lat' dir='ltr'>accusari:</span> <span class='ocrx_word' id='word_1_5' title='bbox 548 1355 575 1414; x_wconf 88' lang='lat' dir='ltr'>ei</span> <span class='ocrx_word' id='word_1_6' title='bbox 595 1370 654 1414; x_wconf 89' lang='lat' dir='ltr'>tres</span> <span class='ocrx_word' id='word_1_7' title='bbox 673 1355 828 1417; x_wconf 74' lang='lat' dir='ltr'>sententiae</span> <span class='ocrx_word' id='word_1_8' title='bbox 850 1354 931 1417; x_wconf 62' lang='lat' dir='ltr'>deteri</span> 
     </span>
     <span class='ocr_line' id='line_1_3' title="bbox 257 1433 931 1516; baseline -0.007 -15"><span class='ocrx_word' id='word_1_9' title='bbox 257 1443 337 1501; x_wconf 88' lang='lat' dir='ltr'>rimae</span> <span class='ocrx_word' id='word_1_10' title='bbox 355 1442 385 1498; x_wconf 92' lang='lat' dir='ltr'>in</span> <span class='ocrx_word' id='word_1_11' title='bbox 402 1439 522 1499; x_wconf 85' lang='lat' dir='ltr'>consilio</span> <span class='ocrx_word' id='word_1_12' title='bbox 541 1433 717 1495; x_wconf 86' lang='lat' dir='ltr'>defuerunt:</span> <span class='ocrx_word' id='word_1_13' title='bbox 738 1439 838 1516; x_wconf 87' lang='lat' dir='ltr'>itaque</span> <span class='ocrx_word' id='word_1_14' title='bbox 852 1437 931 1498; x_wconf 83' lang='lat' dir='ltr'>honri·</span> 
     </span>
     <span class='ocr_line' id='line_1_4' title="bbox 260 1516 934 1599; baseline -0.007 -18"><span class='ocrx_word' id='word_1_15' title='bbox 260 1540 329 1581; x_wconf 85' lang='lat' dir='ltr'>nem</span> <span class='ocrx_word' id='word_1_16' title='bbox 353 1519 477 1599; x_wconf 90' lang='lat' dir='ltr'>populus</span> <span class='ocrx_word' id='word_1_17' title='bbox 494 1534 634 1588; x_wconf 87' lang='lat' dir='ltr'>revocat,</span> <span class='ocrx_word' id='word_1_18' title='bbox 660 1516 695 1574; x_wconf 89' lang='lat'>&amp;</span> <span class='ocrx_word' id='word_1_19' title='bbox 714 1519 876 1578; x_wconf 80' lang='lat' dir='ltr'>retrahatur</span> <span class='ocrx_word' id='word_1_20' title='bbox 891 1537 934 1576; x_wconf 86' lang='lat' dir='ltr'>ne·</span> 
     </span>
     <span class='ocr_line' id='line_1_5' title="bbox 258 1594 984 1670; baseline -0.007 -10"><span class='ocrx_word' id='word_1_21' title='bbox 258 1597 332 1660; x_wconf 84' lang='lat' dir='ltr'>celse</span> <span class='ocrx_word' id='word_1_22' title='bbox 356 1596 418 1670; x_wconf 90' lang='lat' dir='ltr'>est;</span> <span class='ocrx_word' id='word_1_23' title='bbox 439 1618 499 1658; x_wconf 91' lang='lat' dir='ltr'>non</span> <span class='ocrx_word' id='word_1_24' title='bbox 520 1598 598 1656; x_wconf 89' lang='lat' dir='ltr'>enirn</span> <span class='ocrx_word' id='word_1_25' title='bbox 620 1594 720 1656; x_wconf 84' lang='lat' dir='ltr'>femnt</span> <span class='ocrx_word' id='word_1_26' title='bbox 742 1597 935 1659; x_wconf 78' lang='lat' dir='ltr'>hominesz&amp;</span> <span class='ocrx_word' id='word_1_27' title='bbox 983 1614 984 1641; x_wconf 61' lang='lat' dir='ltr'>t</span> 
     </span>
     <span class='ocr_line' id='line_1_6' title="bbox 280 1672 984 1760; baseline -0.006 -21"><span class='ocrx_word' id='word_1_28' title='bbox 280 1681 357 1752; x_wconf 87' lang='lat' dir='ltr'>uia,</span> <span class='ocrx_word' id='word_1_29' title='bbox 388 1699 478 1760; x_wconf 90' lang='lat' dir='ltr'>quum</span> <span class='ocrx_word' id='word_1_30' title='bbox 506 1677 583 1756; x_wconf 88' lang='lat' dir='ltr'>apud</span> <span class='ocrx_word' id='word_1_31' title='bbox 613 1673 679 1735; x_wconf 88' lang='lat' dir='ltr'><strong>suos</strong></span> <span class='ocrx_word' id='word_1_32' title='bbox 711 1676 850 1752; x_wconf 89' lang='lat' dir='ltr'>diceret,</span> <span class='ocrx_word' id='word_1_33' title='bbox 874 1695 935 1758; x_wconf 85' lang='lat' dir='ltr'>pene</span> <span class='ocrx_word' id='word_1_34' title='bbox 983 1672 984 1705; x_wconf 60' lang='lat'>¹</span> 
     </span>
     <span class='ocr_line' id='line_1_7' title="bbox 255 1701 929 1836; baseline -0.004 -17"><span class='ocrx_word' id='word_1_35' title='bbox 255 1701 413 1820; x_wconf 67' lang='lat' dir='ltr'>damnatus</span> <span class='ocrx_word' id='word_1_36' title='bbox 433 1757 493 1831; x_wconf 87' lang='lat' dir='ltr'>est,</span> <span class='ocrx_word' id='word_1_37' title='bbox 507 1757 609 1816; x_wconf 89' lang='lat' dir='ltr'>vident</span> <span class='ocrx_word' id='word_1_38' title='bbox 630 1756 817 1819; x_wconf 87' lang='lat' dir='ltr'>damnatum.</span> <span class='ocrx_word' id='word_1_39' title='bbox 836 1757 877 1816; x_wconf 85' lang='lat' dir='ltr'>Ea</span> <span class='ocrx_word' id='word_1_40' title='bbox 889 1756 929 1836; x_wconf 84' lang='lat' dir='ltr'>ips</span> 
     </span>
     <span class='ocr_line' id='line_1_8' title="bbox 258 1834 984 1920; baseline -0.003 -23"><span class='ocrx_word' id='word_1_41' title='bbox 258 1839 291 1898; x_wconf 88' lang='lat' dir='ltr'>in</span> <span class='ocrx_word' id='word_1_42' title='bbox 319 1860 350 1900; x_wconf 90' lang='lat' dir='ltr'>re</span> <span class='ocrx_word' id='word_1_43' title='bbox 375 1839 508 1920; x_wconf 86' lang='lat' dir='ltr'>Pompeii</span> <span class='ocrx_word' id='word_1_44' title='bbox 536 1834 659 1896; x_wconf 81' lang='lat' dir='ltr'>offensio</span> <span class='ocrx_word' id='word_1_45' title='bbox 696 1840 789 1898; x_wconf 84' lang='lat' dir='ltr'>nobis</span> <span class='ocrx_word' id='word_1_46' title='bbox 821 1836 939 1899; x_wconf 81' lang='lat' dir='ltr'>obstitit:</span> <span class='ocrx_word' id='word_1_47' title='bbox 983 1838 984 1845; x_wconf 65' lang='lat'><em>&#39;</em></span> 
     </span>
     <span class='ocr_line' id='line_1_9' title="bbox 263 1918 938 1996; baseline -0.003 -16"><span class='ocrx_word' id='word_1_48' title='bbox 263 1920 427 1981; x_wconf 88' lang='lat' dir='ltr'>senatorum</span> <span class='ocrx_word' id='word_1_49' title='bbox 450 1921 527 1980; x_wconf 88' lang='lat' dir='ltr'>enim</span> <span class='ocrx_word' id='word_1_50' title='bbox 553 1937 624 1975; x_wconf 87' lang='lat' dir='ltr'>urna</span> <span class='ocrx_word' id='word_1_51' title='bbox 647 1919 775 1996; x_wconf 72' lang='lat' dir='ltr'>copiose</span> <span class='ocrx_word' id='word_1_52' title='bbox 804 1918 938 1990; x_wconf 78' lang='lat' dir='ltr'>absolvit,</span> 
     </span>
     <span class='ocr_line' id='line_1_10' title="bbox 263 1996 940 2082; baseline -0.009 -20"><span class='ocrx_word' id='word_1_53' title='bbox 263 2005 395 2082; x_wconf 79' lang='lat' dir='ltr'>equiturn</span> <span class='ocrx_word' id='word_1_54' title='bbox 420 1999 607 2078; x_wconf 65' lang='lat' dir='ltr'>adaquavit,</span> <span class='ocrx_word' id='word_1_55' title='bbox 635 1996 745 2056; x_wconf 80' lang='lat' dir='ltr'>tribuni</span> <span class='ocrx_word' id='word_1_56' title='bbox 769 2002 864 2058; x_wconf 86' lang='lat' dir='ltr'>aerarii</span> <span class='ocrx_word' id='word_1_57' title='bbox 880 2019 940 2058; x_wconf 90' lang='lat' dir='ltr'>con·</span> 
     </span>
     <span class='ocr_line' id='line_1_11' title="bbox 262 2077 940 2140; baseline -0.006 0"><span class='ocrx_word' id='word_1_58' title='bbox 262 2081 446 2140; x_wconf 88' lang='lat' dir='ltr'>demnarunt.</span> <span class='ocrx_word' id='word_1_59' title='bbox 473 2078 531 2138; x_wconf 91' lang='lat' dir='ltr'>Sed</span> <span class='ocrx_word' id='word_1_60' title='bbox 551 2077 608 2135; x_wconf 89' lang='lat' dir='ltr'>hoc</span> <span class='ocrx_word' id='word_1_61' title='bbox 627 2077 861 2138; x_wconf 86' lang='lat' dir='ltr'>incommodum</span> <span class='ocrx_word' id='word_1_62' title='bbox 882 2097 940 2137; x_wconf 87' lang='lat' dir='ltr'>con·</span> 
     </span>
     <span class='ocr_line' id='line_1_12' title="bbox 259 2155 941 2238; baseline -0.003 -18"><span class='ocrx_word' id='word_1_63' title='bbox 259 2159 385 2220; x_wconf 82' lang='lat' dir='ltr'>solantur</span> <span class='ocrx_word' id='word_1_64' title='bbox 402 2158 576 2238; x_wconf 80' lang='lat' dir='ltr'>quotidianae</span> <span class='ocrx_word' id='word_1_65' title='bbox 595 2155 803 2218; x_wconf 84' lang='lat' dir='ltr'>damnationes</span> <span class='ocrx_word' id='word_1_66' title='bbox 821 2160 941 2218; x_wconf 88' lang='lat' dir='ltr'>inimico·</span> 
     </span>
     <span class='ocr_line' id='line_1_13' title="bbox 259 2236 942 2318; baseline -0.003 -20"><span class='ocrx_word' id='word_1_67' title='bbox 259 2260 346 2312; x_wconf 85' lang='lat' dir='ltr'>rum,</span> <span class='ocrx_word' id='word_1_68' title='bbox 373 2240 403 2297; x_wconf 92' lang='lat' dir='ltr'>in</span> <span class='ocrx_word' id='word_1_69' title='bbox 430 2239 532 2318; x_wconf 86' lang='lat' dir='ltr'>quibus</span> <span class='ocrx_word' id='word_1_70' title='bbox 559 2256 608 2296; x_wconf 85' lang='lat' dir='ltr'>me</span> <span class='ocrx_word' id='word_1_71' title='bbox 636 2236 815 2316; x_wconf 86' lang='lat' dir='ltr'>perlubente</span> <span class='ocrx_word' id='word_1_72' title='bbox 838 2239 942 2299; x_wconf 76' lang='lat' dir='ltr'>Servius</span> 
     </span>
     <span class='ocr_line' id='line_1_14' title="bbox 259 2316 942 2391; baseline -0.003 -13"><span class='ocrx_word' id='word_1_73' title='bbox 259 2318 354 2379; x_wconf 81' lang='lat' dir='ltr'>allisus</span> <span class='ocrx_word' id='word_1_74' title='bbox 372 2316 442 2391; x_wconf 83' lang='lat' dir='ltr'>est,</span> <span class='ocrx_word' id='word_1_75' title='bbox 466 2317 554 2378; x_wconf 86' lang='lat' dir='ltr'>ceteri</span> <span class='ocrx_word' id='word_1_76' title='bbox 576 2316 785 2378; x_wconf 90' lang='lat' dir='ltr'>conciduntur.</span> <span class='ocrx_word' id='word_1_77' title='bbox 813 2317 853 2379; x_wconf 89' lang='lat' dir='ltr'>C.</span> <span class='ocrx_word' id='word_1_78' title='bbox 877 2316 942 2378; x_wconf 81' lang='lat' dir='ltr'>Cato</span> 
     </span>
     <span class='ocr_line' id='line_1_15' title="bbox 260 2395 944 2460; baseline -0.001 -1"><span class='ocrx_word' id='word_1_79' title='bbox 260 2401 450 2459; x_wconf 84' lang='lat' dir='ltr'><strong>concionatus</strong></span> <span class='ocrx_word' id='word_1_80' title='bbox 470 2395 511 2457; x_wconf 87' lang='lat' dir='ltr'>est</span> <span class='ocrx_word' id='word_1_81' title='bbox 532 2398 650 2457; x_wconf 89' lang='lat' dir='ltr'>comitia</span> <span class='ocrx_word' id='word_1_82' title='bbox 669 2397 774 2458; x_wconf 89' lang='lat' dir='ltr'>haberi</span> <span class='ocrx_word' id='word_1_83' title='bbox 798 2421 861 2460; x_wconf 89' lang='lat' dir='ltr'>non</span> <span class='ocrx_word' id='word_1_84' title='bbox 879 2401 944 2458; x_wconf 85' lang='lat' dir='ltr'>situ-</span> 
     </span>
     <span class='ocr_line' id='line_1_16' title="bbox 261 2477 945 2560; baseline -0.003 -20"><span class='ocrx_word' id='word_1_85' title='bbox 261 2500 355 2554; x_wconf 86' lang='lat' dir='ltr'>rum,</span> <span class='ocrx_word' id='word_1_86' title='bbox 386 2482 411 2540; x_wconf 84' lang='lat' dir='ltr'>si</span> <span class='ocrx_word' id='word_1_87' title='bbox 439 2477 493 2538; x_wconf 85' lang='lat' dir='ltr'>sibi</span> <span class='ocrx_word' id='word_1_88' title='bbox 513 2497 579 2537; x_wconf 88' lang='lat' dir='ltr'>cum</span> <span class='ocrx_word' id='word_1_89' title='bbox 609 2478 728 2557; x_wconf 85' lang='lat' dir='ltr'>populo·</span> <span class='ocrx_word' id='word_1_90' title='bbox 750 2479 817 2538; x_wconf 87' lang='lat' dir='ltr'>dies</span> <span class='ocrx_word' id='word_1_91' title='bbox 848 2479 945 2560; x_wconf 85' lang='lat' dir='ltr'>agendi</span> 
     </span>
     <span class='ocr_line' id='line_1_17' title="bbox 263 2555 946 2639; baseline -0.003 -19"><span class='ocrx_word' id='word_1_92' title='bbox 263 2559 354 2621; x_wconf 73' lang='lat' dir='ltr'>essent</span> <span class='ocrx_word' id='word_1_93' title='bbox 375 2560 514 2639; x_wconf 88' lang='lat' dir='ltr'>exempti.</span> <span class='ocrx_word' id='word_1_94' title='bbox 547 2555 662 2635; x_wconf 87' lang='lat' dir='ltr'>Appius</span> <span class='ocrx_word' id='word_1_95' title='bbox 688 2578 707 2616; x_wconf 87' lang='lat' dir='ltr'>a</span> <span class='ocrx_word' id='word_1_96' title='bbox 734 2556 855 2619; x_wconf 88' lang='lat' dir='ltr'>Caesare</span> <span class='ocrx_word' id='word_1_97' title='bbox 875 2579 946 2618; x_wconf 88' lang='lat' dir='ltr'>non·</span> 
     </span>
     <span class='ocr_line' id='line_1_18' title="bbox 263 2635 946 2701; baseline -0.003 -1"><span class='ocrx_word' id='word_1_98' title='bbox 263 2641 335 2700; x_wconf 85' lang='lat' dir='ltr'>dum</span> <span class='ocrx_word' id='word_1_99' title='bbox 356 2642 487 2701; x_wconf 83' lang='lat' dir='ltr'>redierat.</span> <span class='ocrx_word' id='word_1_100' title='bbox 513 2636 593 2696; x_wconf 82' lang='lat' dir='ltr'>Tuas</span> <span class='ocrx_word' id='word_1_101' title='bbox 616 2635 738 2697; x_wconf 72' lang='lat' dir='ltr'>mirifice</span> <span class='ocrx_word' id='word_1_102' title='bbox 760 2640 875 2700; x_wconf 87' lang='lat' dir='ltr'>litteras</span> <span class='ocrx_word' id='word_1_103' title='bbox 896 2659 946 2699; x_wconf 81' lang='lat' dir='ltr'>ex·</span> 
     </span>
    </p>
   </div>
   <div class='ocr_carea' id='block_1_3' title="bbox 259 2715 947 3019">
    <p class='ocr_par' dir='ltr' id='par_1_3' title="bbox 259 2715 947 3019">
     <span class='ocr_line' id='line_1_19' title="bbox 262 2715 947 2799; baseline -0.001 -20"><span class='ocrx_word' id='word_1_104' title='bbox 262 2720 280 2779; x_wconf 85' lang='lat' dir='ltr'>s</span> <span class='ocrx_word' id='word_1_105' title='bbox 296 2720 385 2792; x_wconf 63' lang='lat' dir='ltr'>edl03</span> <span class='ocrx_word' id='word_1_106' title='bbox 411 2739 496 2799; x_wconf 89' lang='lat' dir='ltr'>atque</span> <span class='ocrx_word' id='word_1_107' title='bbox 521 2717 613 2776; x_wconf 88' lang='lat' dir='ltr'>adhuc</span> <span class='ocrx_word' id='word_1_108' title='bbox 637 2715 767 2776; x_wconf 88' lang='lat' dir='ltr'>clausurn</span> <span class='ocrx_word' id='word_1_109' title='bbox 790 2740 873 2780; x_wconf 90' lang='lat' dir='ltr'>mare</span> <span class='ocrx_word' id='word_1_110' title='bbox 895 2718 947 2779; x_wconf 84' lang='lat' dir='ltr'>scio</span> 
     </span>
     <span class='ocr_line' id='line_1_20' title="bbox 261 2743 946 2878; baseline 0 -20"><span class='ocrx_word' id='word_1_111' title='bbox 261 2743 364 2859; x_wconf 61' lang='lat' dir='ltr'>disse:</span> <span class='ocrx_word' id='word_1_112' title='bbox 383 2799 432 2858; x_wconf 91' lang='lat' dir='ltr'>sed</span> <span class='ocrx_word' id='word_1_113' title='bbox 452 2797 589 2878; x_wconf 88' lang='lat' dir='ltr'>quosdam</span> <span class='ocrx_word' id='word_1_114' title='bbox 607 2796 716 2856; x_wconf 85' lang='lat' dir='ltr'>venille</span> <span class='ocrx_word' id='word_1_115' title='bbox 736 2815 841 2859; x_wconf 91' lang='lat' dir='ltr'>tamen</span> <span class='ocrx_word' id='word_1_116' title='bbox 862 2799 946 2860; x_wconf 74' lang='lat' dir='ltr'>Olbia</span> 
     </span>
     <span class='ocr_line' id='line_1_21' title="bbox 259 2876 947 3019; baseline 0.004 -83"><span class='ocrx_word' id='word_1_117' title='bbox 259 2879 416 2950; x_wconf 86' lang='lat' dir='ltr'>dicebant,</span> <span class='ocrx_word' id='word_1_118' title='bbox 438 2882 488 2956; x_wconf 89' lang='lat' dir='ltr'>qui</span> <span class='ocrx_word' id='word_1_119' title='bbox 511 2897 540 2937; x_wconf 93' lang='lat' dir='ltr'>te</span> <span class='ocrx_word' id='word_1_120' title='bbox 561 2876 645 2935; x_wconf 65' lang='lat' dir='ltr'>unice</span> <span class='ocrx_word' id='word_1_121' title='bbox 663 2878 843 2954; x_wconf 82' lang='lat' dir='ltr'>laudarent,</span> <span class='ocrx_word' id='word_1_122' title='bbox 860 2883 947 3019; x_wconf 57' lang='lat' dir='ltr'>fluri-</span> 
     </span>
    </p>
   </div>
   <div class='ocr_carea' id='block_1_4' title="bbox 189 2955 949 3359">
    <p class='ocr_par' dir='ltr' id='par_1_4' title="bbox 189 2955 949 3359">
     <span class='ocr_line' id='line_1_22' title="bbox 258 2955 948 3036; baseline 0.004 -21"><span class='ocrx_word' id='word_1_123' title='bbox 258 2958 358 3035; x_wconf 88' lang='lat' dir='ltr'>mique</span> <span class='ocrx_word' id='word_1_124' title='bbox 382 2960 412 3015; x_wconf 91' lang='lat' dir='ltr'>in</span> <span class='ocrx_word' id='word_1_125' title='bbox 434 2961 582 3036; x_wconf 90' lang='lat' dir='ltr'>provincia</span> <span class='ocrx_word' id='word_1_126' title='bbox 603 2955 667 3015; x_wconf 87' lang='lat' dir='ltr'>fieri</span> <span class='ocrx_word' id='word_1_127' title='bbox 686 2958 835 3022; x_wconf 86' lang='lat' dir='ltr'>dicerent.</span> <span class='ocrx_word' id='word_1_128' title='bbox 875 2962 948 3020; x_wconf 86' lang='lat' dir='ltr'>idem</span> 
     </span>
     <span class='ocr_line' id='line_1_23' title="bbox 259 3037 948 3122; baseline 0.007 -26"><span class='ocrx_word' id='word_1_129' title='bbox 259 3037 374 3096; x_wconf 87' lang='lat' dir='ltr'>aiebant</span> <span class='ocrx_word' id='word_1_130' title='bbox 407 3040 537 3098; x_wconf 90' lang='lat' dir='ltr'>nuntiare</span> <span class='ocrx_word' id='word_1_131' title='bbox 571 3056 601 3097; x_wconf 91' lang='lat' dir='ltr'>te</span> <span class='ocrx_word' id='word_1_132' title='bbox 632 3038 726 3115; x_wconf 69' lang='lat' dir='ltr'>priuati</span> <span class='ocrx_word' id='word_1_133' title='bbox 756 3043 948 3122; x_wconf 82' lang='lat' dir='ltr'>navigatione</span> 
     </span>
     <span class='ocr_line' id='line_1_24' title="bbox 189 3113 947 3202; baseline 0.005 -25"><span class='ocrx_word' id='word_1_134' title='bbox 189 3183 193 3190; x_wconf 50' lang='grc'>,</span> <span class='ocrx_word' id='word_1_135' title='bbox 258 3113 500 3189; x_wconf 83' lang='lat' dir='ltr'>transmillururn3</span> <span class='ocrx_word' id='word_1_136' title='bbox 521 3118 552 3176; x_wconf 92' lang='lat' dir='ltr'>id·</span> <span class='ocrx_word' id='word_1_137' title='bbox 575 3120 683 3196; x_wconf 86' lang='lat' dir='ltr'>cupio:</span> <span class='ocrx_word' id='word_1_138' title='bbox 712 3119 746 3178; x_wconf 79' lang='grc' dir='ltr'>δι</span> <span class='ocrx_word' id='word_1_139' title='bbox 768 3141 947 3202; x_wconf 83' lang='lat' dir='ltr'>quamquam</span> 
     </span>
     <span class='ocr_line' id='line_1_25' title="bbox 260 3196 948 3278; baseline 0.006 -22"><span class='ocrx_word' id='word_1_140' title='bbox 260 3196 382 3278; x_wconf 89' lang='lat' dir='ltr'>teipsum</span> <span class='ocrx_word' id='word_1_141' title='bbox 407 3197 512 3258; x_wconf 87' lang='lat' dir='ltr'>scilicet</span> <span class='ocrx_word' id='word_1_142' title='bbox 540 3198 694 3271; x_wconf 75' lang='lat' dir='ltr'>maxime,</span> <span class='ocrx_word' id='word_1_143' title='bbox 726 3215 831 3260; x_wconf 88' lang='lat' dir='ltr'>tamen</span> <span class='ocrx_word' id='word_1_144' title='bbox 863 3206 948 3262; x_wconf 89' lang='lat' dir='ltr'>etiarn</span> 
     </span>
     <span class='ocr_line' id='line_1_26' title="bbox 260 3276 949 3359; baseline 0.006 -20"><span class='ocrx_word' id='word_1_145' title='bbox 260 3279 367 3341; x_wconf 86' lang='lat' dir='ltr'>litteras</span> <span class='ocrx_word' id='word_1_146' title='bbox 377 3297 438 3341; x_wconf 86' lang='lat' dir='ltr'>tuas</span> <span class='ocrx_word' id='word_1_147' title='bbox 449 3279 516 3342; x_wconf 68' lang='lat' dir='ltr'>ante</span> <span class='ocrx_word' id='word_1_148' title='bbox 528 3277 673 3359; x_wconf 68' lang='lat' dir='ltr'>exspe&amp;0.</span> <span class='ocrx_word' id='word_1_149' title='bbox 691 3276 739 3339; x_wconf 92' lang='lat' dir='ltr'>Mi</span> <span class='ocrx_word' id='word_1_150' title='bbox 749 3279 843 3344; x_wconf 88' lang='lat' dir='ltr'>frater</span> <span class='ocrx_word' id='word_1_151' title='bbox 855 3326 865 3359; x_wconf 86' lang='lat'>‚</span> <span class='ocrx_word' id='word_1_152' title='bbox 876 3283 949 3346; x_wconf 83' lang='lat' dir='ltr'>vale.</span> 
     </span>
    </p>
   </div>
   <div class='ocr_carea' id='block_1_5' title="bbox 0 0 1213 5492">
    <p class='ocr_par' dir='ltr' id='par_1_5' title="bbox 0 0 1213 5492">
     <span class='ocr_line' id='line_1_27' title="bbox 0 0 1213 5492; baseline 0 0"><span class='ocrx_word' id='word_1_153' title='bbox 0 0 1213 5492; x_wconf 95' lang='lat' dir='ltr'> </span> 
     </span>
    </p>
   </div>
  </div>
 </body>
</html>
