2409 5492
274 1299 338 1351 An
359 1278 583 1348 Fnimun.
601 1276 684 1348 Im.
702 1278 783 1348 XV.
809 1274 862 1352 εἰ
865 1302 883 1375 3

191 1396 285 1455 'armis
304 1392 416 1466 effent‚
438 1394 469 1452 δι
487 1410 516 1451 ut
535 1390 623 1452 hostis
642 1396 685 1466 is,
705 1397 753 1475 qui
772 1393 840 1457 effen
857 1396 886 1457 in

203 1474 308 1555 Syria,
330 1473 440 1547 sciret,
461 1475 619 1543 exercitum
641 1476 741 1553 populi
762 1473 888 1537 Romani

205 1576 261 1614 non
282 1553 380 1613 modo
399 1573 460 1611 non
477 1552 582 1612 ced'ere
596 1553 639 1611 his
656 1557 761 1613 nuntiis
777 1555 886 1629 allatis,

205 1632 358 1695 sedetiam
375 1634 493 1713 propios
506 1632 662 1704 decedere3
677 1636 833 1694 exercitum
848 1636 887 1696 a'd

205 1712 333 1775 Taurum
350 1710 458 1786 institui
470 1711 586 1772 ducere.
600 1710 677 1783 Sed,
691 1717 714 1772 si
728 1716 796 1795 qnid
809 1717 887 1797 apud

206 1816 257 1855 vos
278 1792 432 1853 auoioritas
462 1810 529 1851 mea
554 1793 692 1873 ponderis
713 1794 828 1868 habet,
856 1799 885 1855 in

207 1876 237 1934 iis
262 1872 422 1954 prasertim
445 1872 553 1942 rebus,
571 1892 650 1952 quas,
668 1884 724 1932 vos
747 1873 887 1950 audistis‘,

208 1972 259 2035 ego
282 1973 362 2033 pene
391 1972 479 2012 cemo
500 1972 510 2025 ;
533 1964 641 2045 magno
663 1973 754 2032 opere
782 1954 888 2015 vos&

209 2033 304 2093 bonor
320 2034 354 2092 ἃ
374 2050 506 2101 moneo,
521 2038 553 2091 ut'
570 2032 614 2090 his
625 2034 785 2112 provinciis
796 2033 887 2095 seriis

209 2134 258 2172 vos
275 2113 398 2195 quidem
409 2110 656 2192 squiimsdecuit,
673 2112 722 2172 sed
734 2113 887 2192 aliquando

210 2210 303 2254 tamen
320 2191 488 2252 consulatis.¹
502 2190 566 2250 Nos
582 2193 828 2272 quemadmodum
842 2196 888 2254 in⁴

210 2271 347 2346 ssmEios,
368 2274 401 2332 &
422 2273 525 2353 quibus
544 2273 682 2350 praesidiis
702 2275 827 2334 munitos
850 2275 888 2334 ad

212 2356 276 2413 tanti
294 2351 368 2413 belli
384 2353 553 2432 opinionem
574 2351 727 2426 miseritis,
746 2375 806 2413 non
824 2351 888 2414 estis

212 2434 321 2514 ignari:
348 2434 432 2512 quod
447 2451 508 2570 ,εέο
528 2434 678 2513 negotium
696 2452 755 2492 non
773 2431 888 2493 stultitia

214 2513 402 2586 obcaecatus,
430 2511 458 2571 se
507 2512 683 2571 verecundia
711 2510 888 2586 deterritus',

213 2612 267 2653 non
281 2590 429 2663 recusavi3
445 2610 540 2670 neque
552 2595 630 2650 enim
645 2610 782 2669 umquam
797 2593 887 2651 ullum

214 2672 368 2753 peniculum
384 2688 494 2745 tantum
512 2674 632 2750 putavi,
650 2670 730 2750 quod
747 2671 889 2747 subtegfn-

200 2754 274 2833 'gere
306 2751 452 2823 mallem,
482 2748 569 2833 quim
598 2747 699 2811 vestrae
730 2749 890 2827 anfionitati

214 2830 423 2914 obtempora're.
435 2830 503 2913 Hoc
515 2849 611 2891 autem
626 2828 758 2912 tempore
773 2851 818 2891 res
832 2830 888 2893 sese

216 2915 250 2972 sic
262 2914 368 2988 habet,
383 2912 480 2972 ut'nisi
492 2915 649 2971 exercitum
663 2930 790 2983 tantum,
804 2934 890 2992 qnan-

216 3009 269 3052 mm
286 2995 327 3054 ad
345 2995 502 3052 maximum
519 2992 628 3051 bellum
644 2995 758 3052 minere
775 2992 889 3067 soletis,

217 3076 320 3134 mnus&
341 3075 370 3132 in
393 3071 443 3130 has
464 3073 626 3151 provincias
645 3071 794 3144 miseritis,
812 3073 908 3132 sum-⁴

218 3172 290 3213 mum
314 3152 475 3234 periculum
496 3153 557 3223 sit,
585 3171 623 3210 ne
646 3152 809 3211 amittendae
833 3155 890 3210 sint

219 3252 313 3293 omnes
335 3233 381 3291 hae
402 3233 587 3311 provinciae,
613 3231 714 3311 quibus
739 3231 890 3310 veiiigalia

219 3314 312 3393 populi
331 3311 459 3372 Romani
477 3314 667 3370 continentur.
685 3309 891 3387 Quamobrem

219 3410 307 3452 autem
339 3395 371 3453 in
400 3392 459 3450 hoc
483 3391 653 3470 provinciali
676 3388 788 3448 deleffiiu
811 3388 890 3468 spem

219 3470 339 3532 habentis
361 3471 508 3550 aliquam,
530 3468 611 3529 causa
626 3469 703 3529 nulla
722 3469 777 3529 est:
796 3488 891 3547 neque

220 3554 296 3611 multi
313 3551 399 3625 sunt,
417 3550 448 3608 &
465 3547 615 3631 diffugiunt
628 3594 637 3619 ‚
651 3552 702 3629 qui
716 3547 795 3621 sunt,
811 3566 892 3607 metu

221 3630 325 3693 oblato:
345 3632 400 3704 &‚
418 3630 499 3710 quod
516 3650 605 3711 genus
625 3630 681 3687 hoc
696 3629 818 3686 militum
833 3629 890 3701 sit,

222 3710 349 3773 indicavit
377 3714 424 3770 vir
448 3707 617 3769 fortissimus
647 3707 692 3766 M.
721 3706 837 3767 Bibulus
861 3709 892 3768 in

224 3788 316 3868 Asia3
344 3794 424 3874 qui,
448 3810 538 3871 quum
558 3809 614 3852 vos
633 3790 661 3849 ei
683 3786 893 3869 permiserim,
