2409 5492
1037 1194 1050 1265 ᾖ

330 1251 404 1323 116
474 1250 863 1318 Errsrozarwnl'

327 1382 424 1424 meam
449 1366 481 1422 iri
497 1364 578 1423 illum
594 1362 830 1423 benevolentiam
845 1372 1013 1443 augerem¹
1037 1332 1050 1455 ζ

326 1464 402 1518 una,
414 1444 494 1538 quid
503 1442 668 1503 versabatur
678 1446 712 1501 in·
721 1443 777 1503 boc
788 1441 883 1502 studio
895 1440 1015 1517 nostrop
1038 1496 1050 1537 ,Ι

327 1542 388 1603 quo
406 1543 493 1583 etiam
514 1545 590 1583 nunc
611 1524 739 1582 maxime
758 1522 956 1595 deleiiamur,
976 1522 1014 1585 du
1039 1548 1050 1619 p

326 1613 395 1664 cum
408 1596 546 1684 ingenio,
561 1620 593 1663 ut
607 1601 697 1676 nosti,
716 1619 770 1662 nec
784 1605 846 1663 sine
860 1600 1014 1665 industriae.

248 1750 266 1767 χ
327 1683 458 1757 deinde,
476 1684 557 1764 qubd
579 1682 691 1743 mature
712 1683 741 1743 se
761 1682 884 1754 contulit
907 1685 938 1742 in
958 1682 1011 1745 stta
1039 1662 1050 1721 Ἰ·

328 1767 446 1829 cietates
465 1765 705 1843 publicanorum
719 1763 798 1842 quod
814 1762 935 1843 quidem
946 1764 1011 1827 nul·
1030 1740 1050 1781 ”⁵

327 1835 409 1917 lem3
431 1847 562 1904 maximis
584 1845 663 1904 enim
685 1842 795 1902 damnis
818 1841 935 1904 effecius
961 1840 1013 1909 effi
1043 1822 1050 1863 ³

329 1923 389 1985 Sed
408 1943 505 1985 tamen
526 1924 607 1984 causa
627 1925 786 1984 communis
811 1924 924 2001 ⁴ordinis
940 1910 1010 1987 mibi
1044 1904 1050 1943 ¹

328 2005 621 2076 commendatissimi,
635 2003 704 2065 fecit
717 2006 875 2065 amicitiam
883 2002 1007 2065 nostram
1046 1998 1050 2099 ζ

326 2083 497 2160 firmiorem.
524 2085 643 2155 Deinde
672 2083 800 2145 versatus
825 2089 859 2145 in
885 2083 1018 2166 utrisque,

329 2165 466 2238 subselliis
489 2166 601 2247 optimi
620 2166 653 2225 δι
672 2163 729 2227 fide
745 2210 756 2240 ,
773 2165 807 2225 δι’
825 2165 905 2232 fami
920 2210 940 2243 ,ι
952 2162 1009 2243 jam

327 2261 400 2311 anre
422 2246 496 2307 hanc
526 2249 784 2308 commutationem
813 2247 1007 2326 reipublicae',

329 2328 463 2407 peritioni
483 2326 540 2387 sese
563 2327 663 2400 dedit,
682 2327 884 2408 honoremque
905 2324 1011 2389 hones-

329 2409 472 2468 tissimum
496 2405 665 2469 existimavit
682 2406 804 2467 frutrum
831 2407 940 2468 laboris
960 2406 1013 2471 sui.

328 2486 387 2551 His
414 2507 511 2550 autem
541 2489 721 2571 temporibus
741 2510 759 2548 a
779 2505 830 2549 me
856 2488 1014 2551 Brundisio
1047 2486 1050 2497 ’

329 2588 399 2630 cum
416 2571 516 2632 litteris
532 2571 564 2631 &
578 2571 719 2632 mandatis
734 2568 879 2650 profedlus
893 2569 932 2630 ad
947 2566 1015 2631 Caet'

329 2649 423 2712 sarem
443 2650 501 2712 est:
522 2675 578 2735 qua
598 2657 628 2712 in
646 2673 678 2714 re
698 2651 879 2712 &amorem
896 2648 961 2730 ejus
980 2652 1013 2713 in

330 2729 510 2810 suscipiendo
529 2735 649 2811 negotio
672 2731 826 2813 perspexi,
845 2731 879 2792 &
895 2733 927 2790 in
943 2752 1013 2792 cou-

329 2808 457 2869 ficiendo
477 2855 487 2884 ,
507 2832 539 2869 ac
560 2811 750 2871 renuntiando
773 2809 873 2870 fidem.
896 2809 1015 2872 Videor·

330 2890 424 2963 mihi,
442 2911 532 2969 quum·
553 2891 704 2971 separatim
726 2893 763 2952 de
786 2891 930 2971 probitate
949 2887 1016 2969 eju!

329 2967 361 3029 ἃ
397 2970 525 3030 moribus
558 2971 680 3034 disturus
708 2969 820 3032 fuillem
842 3002 856 3045 ‚·
880 2973 903 3031 si
934 2974 1014 3052 priirs

331 3047 466 3122 causam,
497 3066 547 3110 cur
568 3072 635 3112 eum
654 3070 809 3133 tantopere
829 3052 1013 3133 diligerem,

329 3129 606 3209 ribiexposuillern,
624 3136 654 3192 in'
667 3133 728 3214 ipsa
742 3131 823 3192 causa
838 3132 1015 3212 exponendu

330 3209 396 3270 satis
416 3215 503 3271 etiam
526 3213 565 3273 de·
590 3215 733 3293 probitate
755 3210 865 3272 dixille.
886 3211 945 3272 Sed
962 3230 1015 3273 ta-

330 3311 399 3352 men
418 3292 568 3372 separatim
584 3297 747 3374 promitto,
766 3297 796 3353 in
811 3310 921 3374 meque
934 3295 1015 3354 reci-

332 3375 384 3452 pio
409 3395 420 3447 ,·
448 3373 512 3434 fore
540 3393 608 3434 eum
638 3375 690 3434 tibi
715 3375 747 3433 &
776 3374 947 3452 voluptati,
977 3372 1015 3433 &

331 3451 420 3513 usui:
443 3474 511 3514 nam
538 3455 571 3514 &
594 3453 757 3514 modestum
775 3454 926 3514 hominem
955 3474 1014 3513 co·

332 3532 476 3614 gnosces,
500 3535 531 3592 &
550 3535 744 3614 prudentem,
766 3535 798 3594 δι
818 3556 834 3593 a
855 3532 1016 3612 cupiditate

334 3617 415 3672 omni
435 3616 678 3688 remotissimum
696 3630 834 3695 praeterea
850 3617 950 3694 magni
967 3615 1016 3674 la‘-

333 3690 435 3766 boris,
456 3694 628 3775 summaeque
650 3694 798 3756 industria.
829 3694 936 3775 Neque
955 3698 1016 3776 ego

332 3769 395 3837 has
413 3775 544 3854 polliceri
559 3777 674 3855 debeo,
688 3797 752 3860 quae
769 3777 909 3860 tibiipsi,
922 3793 1016 3858 quum
