2409 5492
257 1251 333 1347 366
399 1250 780 1316 Earsroznrruu

254 1365 426 1427 medicinam
446 1361 612 1441 reipublicae
628 1361 691 1421 sine
712 1380 819 1442 magno
838 1367 942 1444 prasi-

255 1447 305 1507 dio
322 1443 468 1505 accedere.
488 1443 562 1520 Quo
580 1441 627 1500 die
646 1440 708 1500 haec
725 1440 839 1522 scripsi,
862 1444 942 1505 Dru-

256 1527 301 1593 sus
319 1542 381 1586 erat
397 1523 433 1583 de
448 1523 688 1603 pravaricatione
703 1544 721 1581 a
740 1524 856 1585 tribunis
869 1546 940 1587 aeta·

255 1610 288 1667 rii
308 1603 479 1676 absolutus,
499 1606 529 1662 in
547 1601 656 1662 summa
676 1620 800 1684 quatuor
825 1604 943 1667 senten-

254 1690 302 1747 tiis
324 1706 415 1767 quum
442 1683 587 1745 senatores
619 1685 651 1742 &
675 1686 790 1766 equites
810 1686 945 1748 damnas·

255 1767 328 1829 sent.
347 1764 413 1847 Ego
433 1766 540 1826 eodem
561 1764 607 1824 die
630 1762 694 1844 post
712 1762 866 1827 meridiem
885 1768 945 1829 Va·

256 1850 361 1908 tinium
384 1846 499 1905 aderam
520 1843 709 1905 defensurus:
732 1867 769 1906 ea
789 1868 836 1908 res
856 1848 945 1910 facilis

259 1926 310 1990 est.
324 1926 454 1988 Comitia
468 1929 497 1986 in
512 1925 641 1986 mensem
658 1926 823 2007 Septembr.
839 1927 944 2008 rejesla

259 2008 332 2073 sunt.
354 2007 451 2068 Scauri
475 2006 614 2087 judicium
634 2003 728 2069 statim
746 2011 945 2070 exercebitur:

260 2091 307 2148 eui
333 2109 388 2150 nos
411 2110 470 2147 non
497 2089 652 2151 deerimus.
677 2086 825 2157 >rubim
849 2102 944 2164 Σοφι-

259 2168 369 2243 saise,
413 2189 487 2235 uam,¹
521 2190 609 2228 arn-a
637 2185 668 2229 te
694 2164 781 2227 asiam
802 2166 942 2229 fabellam

258 2247 348 2307 video
369 2188 425 2308 elle
448 2248 476 2317 se
502 2250 575 2323 ive,
599 2248 682 2309 nullo
700 2247 789 2312 medo
809 2249 945 2329 probavi.

258 2326 359 2388 Venio
372 2348 448 2395 nunc
468 2329 505 2389 ad
530 2329 584 2404 id,
608 2328 690 2411 quod
708 2326 806 2389 nescio
825 2351 863 2389 an
884 2335 944 2410 pri·

259 2430 342 2479 mum
355 2407 411 2469 esse
431 2410 571 2473 debuerit.
591 2409 623 2472 O
644 2407 781 2488 jucundas
797 2410 869 2471 mihi
886 2430 947 2472 tuas

262 2490 300 2551 de
331 2489 476 2551 Britannia
505 2493 612 2552 litteras
638 2489 645 2548 Ξ
674 2491 815 2551 timebam
845 2490 946 2553 Ocea-

262 2592 351 2645 num,
368 2571 505 2632 timebam
522 2572 600 2631 littus
614 2569 721 2631 insulae.
741 2568 869 2651 Reliqua
888 2594 947 2632 non

261 2653 399 2732 equidem
420 2652 603 2725 contemno,
621 2649 671 2710 sed
689 2651 755 2732 plus
777 2651 885 2714 habent
903 2671 947 2712 ta·

262 2753 331 2792 men
355 2731 416 2811 spei
443 2732 530 2813 quim
553 2734 692 2802 timoris,
716 2731 862 2813 magisque
886 2731 947 2793 sum

261 2812 397 2872 sollicitus
423 2813 634 2892 exspeslatione
654 2811 716 2884 ed,
744 2812 834 2891 quim
860 2833 947 2874 metu.

257 2891 307 2953 ·Te
333 2894 406 2953 verb
428 2895 546 2957 desero-n
567 2893 708 2954 scribendi
731 2897 880 2976 egregiam
897 2896 948 2954 ha·

258 2976 331 3045 bere
353 2977 464 3038 video:
485 2997 558 3057 quos
579 2995 611 3039 tu
631 2977 724 3051 situs,
745 2999 817 3058 quas
836 2998 950 3041 naturas

260 3080 358 3121 rerum
384 3060 415 3118 ὃ(
436 3058 594 3132 locorum,
619 3081 692 3140 quos
721 3079 847 3133 mores,
879 3082 949 3139 quas

262 3159 387 3223 gentes,
408 3160 478 3219 quas
499 3160 630 3219 pugnas,
655 3159 742 3218 quem
764 3141 836 3200 verb
855 3140 950 3220 ipsum

261 3226 468 3304 imperatorem
497 3221 585 3278 habes
608 3219 619 3278 ?
644 3218 707 3302 Ego
736 3236 765 3280 te
795 3222 950 3296 libenter,

265 3322 298 3363 ut
320 3323 422 3384 rogas,
444 3302 546 3380 quibus
567 3300 652 3359 rebus
672 3304 742 3374 vis,
770 3300 919 3379 adjuvabo
940 3347 950 3375 ,

264 3385 298 3443 &
322 3386 373 3444 tibi
401 3381 527 3455 versus,
555 3403 628 3460 quos
654 3402 767 3462 rogas,
791 3387 895 3453 γλαῦκ’
919 3390 951 3447 stt

265 3465 388 3536 A’lr'ree,
410 3466 530 3522 mittam.
550 3462 609 3521 Sed
631 3462 701 3520 heus
727 3481 774 3533 tu,
794 3462 881 3520 celari
900 3465 950 3520 vi·

266 3545 338 3603 deor
365 3567 381 3604 a
407 3563 445 3604 te.
473 3542 734 3620 eromodonam,
763 3545 805 3600 mi
833 3541 951 3614 frater,

264 3625 300 3682 de
323 3624 423 3684 nostris
443 3627 572 3685 versibus
596 3622 714 3682 Casas?
734 3644 803 3681 nam
824 3626 952 3702 primum

263 3705 367 3763 librum
396 3704 423 3765 se
455 3704 550 3787 legisse
578 3704 687 3782 scripsit
711 3705 748 3762 ad
778 3709 826 3763 'me
856 3704 952 3763 ante:

265 3783 296 3842 de
314 3788 406 3864 prima
424 3788 489 3860 sic,
510 3805 541 3846 ut
559 3803 649 3869 neget
667 3784 695 3846 se
716 3805 753 3847 ne
771 3785 878 3849 Graeca
894 3786 954 3865 qui·
