<?xml version="1.0" encoding="UTF-8"?>
<!DOCTYPE html PUBLIC "-//W3C//DTD XHTML 1.0 Transitional//EN"
    "http://www.w3.org/TR/xhtml1/DTD/xhtml1-transitional.dtd">
<html xmlns="http://www.w3.org/1999/xhtml" xml:lang="en" lang="en">
 <head>
  <title>
</title>
<meta http-equiv="Content-Type" content="text/html;charset=utf-8" />
  <meta name='ocr-system' content='tesseract 3.04.00' />
  <meta name='ocr-capabilities' content='ocr_page ocr_carea ocr_par ocr_line ocrx_word'/>
</head>
<body>
  <div class='ocr_page' id='page_1' title='image "./mtulliiciceroni09lallgoog/mtulliiciceroni09lallgoog_0217.png"; bbox 0 0 2409 5492; ppageno 0'>
   <div class='ocr_carea' id='block_1_1' title="bbox 296 1238 898 1340">
    <p class='ocr_par' dir='ltr' id='par_1_1' title="bbox 296 1238 898 1340">
     <span class='ocr_line' id='line_1_1' title="bbox 296 1238 898 1340; baseline 0.015 -33"><span class='ocrx_word' id='word_1_1' title='bbox 296 1252 360 1309; x_wconf 71' lang='lat' dir='ltr'>an</span> <span class='ocrx_word' id='word_1_2' title='bbox 376 1238 601 1309; x_wconf 59' lang='lat' dir='ltr'>murman.</span> <span class='ocrx_word' id='word_1_3' title='bbox 614 1242 702 1313; x_wconf 72' lang='grc' dir='ltr'>ω.</span> <span class='ocrx_word' id='word_1_4' title='bbox 715 1238 795 1313; x_wconf 79' lang='lat' dir='ltr'>XV.</span> <span class='ocrx_word' id='word_1_5' title='bbox 822 1258 898 1340; x_wconf 80' lang='lat'>217</span> 
     </span>
    </p>
   </div>
   <div class='ocr_carea' id='block_1_2' title="bbox 164 1352 900 3754">
    <p class='ocr_par' dir='ltr' id='par_1_2' title="bbox 164 1352 900 3754">
     <span class='ocr_line' id='line_1_2' title="bbox 214 1352 900 1427; baseline 0.009 -14"><span class='ocrx_word' id='word_1_6' title='bbox 214 1352 363 1427; x_wconf 84' lang='lat' dir='ltr'>ltortams‚</span> <span class='ocrx_word' id='word_1_7' title='bbox 381 1370 415 1413; x_wconf 91' lang='lat' dir='ltr'>ut</span> <span class='ocrx_word' id='word_1_8' title='bbox 430 1353 628 1416; x_wconf 82' lang='lat' dir='ltr'>recordaretur</span> <span class='ocrx_word' id='word_1_9' title='bbox 647 1356 740 1418; x_wconf 84' lang='lat' dir='ltr'>casum</span> <span class='ocrx_word' id='word_1_10' title='bbox 759 1356 839 1417; x_wconf 89' lang='lat' dir='ltr'>illum</span> <span class='ocrx_word' id='word_1_11' title='bbox 854 1360 900 1419; x_wconf 91' lang='lat' dir='ltr'>in-</span> 
     </span>
     <span class='ocr_line' id='line_1_3' title="bbox 210 1433 897 1516; baseline 0.003 -21"><span class='ocrx_word' id='word_1_12' title='bbox 210 1433 311 1495; x_wconf 82' lang='lat' dir='ltr'>teritds</span> <span class='ocrx_word' id='word_1_13' title='bbox 332 1434 469 1513; x_wconf 89' lang='lat' dir='ltr'>patemi‚</span> <span class='ocrx_word' id='word_1_14' title='bbox 487 1433 519 1494; x_wconf 79' lang='lat' dir='ltr'>dt</span> <span class='ocrx_word' id='word_1_15' title='bbox 536 1437 688 1516; x_wconf 79' lang='lat' dir='ltr'>vigilanter</span> <span class='ocrx_word' id='word_1_16' title='bbox 704 1434 733 1497; x_wconf 87' lang='lat' dir='ltr'>se</span> <span class='ocrx_word' id='word_1_17' title='bbox 750 1451 897 1509; x_wconf 80' lang='lat' dir='ltr'>tueretur,</span> 
     </span>
     <span class='ocr_line' id='line_1_4' title="bbox 211 1512 897 1594; baseline 0.009 -21"><span class='ocrx_word' id='word_1_18' title='bbox 211 1530 298 1594; x_wconf 90' lang='lat' dir='ltr'>atque</span> <span class='ocrx_word' id='word_1_19' title='bbox 325 1514 479 1573; x_wconf 82' lang='lat' dir='ltr'>admonitu</span> <span class='ocrx_word' id='word_1_20' title='bbox 501 1512 613 1575; x_wconf 73' lang='lat' dir='ltr'>senatuis</span> <span class='ocrx_word' id='word_1_21' title='bbox 635 1514 796 1577; x_wconf 86' lang='lat' dir='ltr'>consuleret</span> <span class='ocrx_word' id='word_1_22' title='bbox 816 1513 897 1579; x_wconf 88' lang='lat' dir='ltr'>saluti</span> 
     </span>
     <span class='ocr_line' id='line_1_5' title="bbox 213 1593 896 1677; baseline 0.007 -24"><span class='ocrx_word' id='word_1_23' title='bbox 213 1593 295 1665; x_wconf 50' lang='grc' dir='ltr'>ὡκ</span> <span class='ocrx_word' id='word_1_24' title='bbox 328 1611 394 1653; x_wconf 88' lang='lat' dir='ltr'>tum</span> <span class='ocrx_word' id='word_1_25' title='bbox 423 1614 440 1651; x_wconf 92' lang='lat' dir='ltr'>a</span> <span class='ocrx_word' id='word_1_26' title='bbox 468 1612 516 1654; x_wconf 89' lang='lat' dir='ltr'>me</span> <span class='ocrx_word' id='word_1_27' title='bbox 543 1594 669 1657; x_wconf 82' lang='lat' dir='ltr'>discessit</span> <span class='ocrx_word' id='word_1_28' title='bbox 696 1597 726 1655; x_wconf 90' lang='lat' dir='ltr'>in</span> <span class='ocrx_word' id='word_1_29' title='bbox 753 1598 896 1677; x_wconf 88' lang='lat' dir='ltr'>oppidum</span> 
     </span>
     <span class='ocr_line' id='line_1_6' title="bbox 214 1670 897 1753; baseline 0.003 -18"><span class='ocrx_word' id='word_1_30' title='bbox 214 1670 360 1753; x_wconf 86' lang='lat' dir='ltr'>Cybistra.</span> <span class='ocrx_word' id='word_1_31' title='bbox 394 1670 512 1735; x_wconf 87' lang='lat' dir='ltr'>Postero</span> <span class='ocrx_word' id='word_1_32' title='bbox 530 1690 627 1735; x_wconf 85' lang='lat' dir='ltr'>autem</span> <span class='ocrx_word' id='word_1_33' title='bbox 650 1676 697 1736; x_wconf 91' lang='lat' dir='ltr'>die</span> <span class='ocrx_word' id='word_1_34' title='bbox 718 1695 784 1735; x_wconf 90' lang='lat' dir='ltr'>cum</span> <span class='ocrx_word' id='word_1_35' title='bbox 806 1678 897 1736; x_wconf 85' lang='lat' dir='ltr'>Aria·</span> 
     </span>
     <span class='ocr_line' id='line_1_7' title="bbox 211 1752 900 1835; baseline 0.006 -22"><span class='ocrx_word' id='word_1_36' title='bbox 211 1754 314 1826; x_wconf 71' lang='lat' dir='ltr'>urhe,</span> <span class='ocrx_word' id='word_1_37' title='bbox 337 1752 519 1828; x_wconf 73' lang='lat' dir='ltr'>fratremn,</span> <span class='ocrx_word' id='word_1_38' title='bbox 542 1755 573 1815; x_wconf 89' lang='lat'>&amp;</span> <span class='ocrx_word' id='word_1_39' title='bbox 592 1776 659 1816; x_wconf 92' lang='lat' dir='ltr'>cum</span> <span class='ocrx_word' id='word_1_40' title='bbox 681 1758 804 1835; x_wconf 83' lang='lat' dir='ltr'>paternis</span> <span class='ocrx_word' id='word_1_41' title='bbox 826 1761 900 1817; x_wconf 89' lang='lat' dir='ltr'>arni·</span> 
     </span>
     <span class='ocr_line' id='line_1_8' title="bbox 214 1831 897 1912; baseline 0.003 -17"><span class='ocrx_word' id='word_1_42' title='bbox 214 1834 272 1908; x_wconf 84' lang='lat' dir='ltr'>ds,</span> <span class='ocrx_word' id='word_1_43' title='bbox 291 1831 454 1912; x_wconf 85' lang='lat' dir='ltr'>majoribus</span> <span class='ocrx_word' id='word_1_44' title='bbox 467 1848 554 1906; x_wconf 91' lang='lat' dir='ltr'>natu,</span> <span class='ocrx_word' id='word_1_45' title='bbox 571 1835 608 1894; x_wconf 78' lang='lat' dir='ltr'>ud</span> <span class='ocrx_word' id='word_1_46' title='bbox 626 1855 675 1896; x_wconf 91' lang='lat' dir='ltr'>me</span> <span class='ocrx_word' id='word_1_47' title='bbox 692 1838 721 1894; x_wconf 88' lang='lat' dir='ltr'>in</span> <span class='ocrx_word' id='word_1_48' title='bbox 736 1833 823 1895; x_wconf 88' lang='lat' dir='ltr'>castra</span> <span class='ocrx_word' id='word_1_49' title='bbox 838 1856 897 1897; x_wconf 83' lang='lat' dir='ltr'>ve·-</span> 
     </span>
     <span class='ocr_line' id='line_1_9' title="bbox 214 1912 896 1993; baseline 0.006 -20"><span class='ocrx_word' id='word_1_50' title='bbox 214 1916 250 1973; x_wconf 85' lang='lat' dir='ltr'>nit</span> <span class='ocrx_word' id='word_1_51' title='bbox 263 1934 273 1987; x_wconf 92' lang='lat'>;</span> <span class='ocrx_word' id='word_1_52' title='bbox 288 1912 529 1993; x_wconf 84' lang='lat' dir='ltr'>perturbatusque</span> <span class='ocrx_word' id='word_1_53' title='bbox 549 1914 580 1973; x_wconf 79' lang='lat' dir='ltr'>dt</span> <span class='ocrx_word' id='word_1_54' title='bbox 595 1915 688 1988; x_wconf 84' lang='lat' dir='ltr'>flens,</span> <span class='ocrx_word' id='word_1_55' title='bbox 709 1933 797 1993; x_wconf 88' lang='lat' dir='ltr'>quum</span> <span class='ocrx_word' id='word_1_56' title='bbox 817 1916 896 1989; x_wconf 86' lang='lat' dir='ltr'>idem</span> 
     </span>
     <span class='ocr_line' id='line_1_10' title="bbox 215 1991 898 2070; baseline 0 -15"><span class='ocrx_word' id='word_1_57' title='bbox 215 1993 347 2055; x_wconf 81' lang='lat' dir='ltr'>&amp;stater</span> <span class='ocrx_word' id='word_1_58' title='bbox 363 1991 490 2067; x_wconf 82' lang='lat' dir='ltr'>faceret,</span> <span class='ocrx_word' id='word_1_59' title='bbox 505 1993 537 2052; x_wconf 79' lang='lat' dir='ltr'>dt</span> <span class='ocrx_word' id='word_1_60' title='bbox 555 1996 660 2070; x_wconf 91' lang='lat' dir='ltr'>amici,</span> <span class='ocrx_word' id='word_1_61' title='bbox 675 2014 770 2053; x_wconf 88' lang='lat' dir='ltr'>meam</span> <span class='ocrx_word' id='word_1_62' title='bbox 787 1992 898 2070; x_wconf 86' lang='lat' dir='ltr'>sidem,</span> 
     </span>
     <span class='ocr_line' id='line_1_11' title="bbox 215 2072 898 2156; baseline 0.001 -23"><span class='ocrx_word' id='word_1_63' title='bbox 215 2072 336 2135; x_wconf 77' lang='lat' dir='ltr'>vestram</span> <span class='ocrx_word' id='word_1_64' title='bbox 355 2074 643 2136; x_wconf 85' lang='lat' dir='ltr'>commendationem</span> <span class='ocrx_word' id='word_1_65' title='bbox 663 2075 818 2156; x_wconf 89' lang='lat' dir='ltr'>implorare</span> <span class='ocrx_word' id='word_1_66' title='bbox 835 2096 898 2134; x_wconf 88' lang='lat' dir='ltr'>coe·</span> 
     </span>
     <span class='ocr_line' id='line_1_12' title="bbox 215 2151 897 2236; baseline 0.003 -23"><span class='ocrx_word' id='word_1_67' title='bbox 215 2156 261 2233; x_wconf 84' lang='lat' dir='ltr'>pit.</span> <span class='ocrx_word' id='word_1_68' title='bbox 278 2151 390 2231; x_wconf 86' lang='lat' dir='ltr'>Quum</span> <span class='ocrx_word' id='word_1_69' title='bbox 409 2153 582 2227; x_wconf 80' lang='lat' dir='ltr'>admirarer,</span> <span class='ocrx_word' id='word_1_70' title='bbox 600 2155 669 2236; x_wconf 87' lang='lat' dir='ltr'>quid</span> <span class='ocrx_word' id='word_1_71' title='bbox 684 2154 827 2215; x_wconf 84' lang='lat' dir='ltr'>accidisset</span> <span class='ocrx_word' id='word_1_72' title='bbox 844 2177 897 2216; x_wconf 92' lang='lat' dir='ltr'>no-</span> 
     </span>
     <span class='ocr_line' id='line_1_13' title="bbox 216 2233 897 2307; baseline 0.003 -14"><span class='ocrx_word' id='word_1_73' title='bbox 216 2236 264 2305; x_wconf 83' lang='lat' dir='ltr'>ri;</span> <span class='ocrx_word' id='word_1_74' title='bbox 282 2235 382 2307; x_wconf 85' lang='lat' dir='ltr'>dixit,</span> <span class='ocrx_word' id='word_1_75' title='bbox 400 2234 437 2292; x_wconf 91' lang='lat' dir='ltr'>ad</span> <span class='ocrx_word' id='word_1_76' title='bbox 456 2233 484 2293; x_wconf 91' lang='lat' dir='ltr'>se</span> <span class='ocrx_word' id='word_1_77' title='bbox 504 2235 610 2295; x_wconf 90' lang='lat' dir='ltr'>indicia</span> <span class='ocrx_word' id='word_1_78' title='bbox 630 2233 839 2296; x_wconf 82' lang='lat' dir='ltr'>manifestatum</span> <span class='ocrx_word' id='word_1_79' title='bbox 854 2238 897 2295; x_wconf 90' lang='lat' dir='ltr'>in·</span> 
     </span>
     <span class='ocr_line' id='line_1_14' title="bbox 164 2310 895 2395; baseline 0.005 -22"><span class='ocrx_word' id='word_1_80' title='bbox 164 2330 165 2337; x_wconf 55' lang='lat'>¹</span> <span class='ocrx_word' id='word_1_81' title='bbox 215 2314 351 2375; x_wconf 77' lang='lat' dir='ltr'>sidiarum</span> <span class='ocrx_word' id='word_1_82' title='bbox 381 2310 437 2374; x_wconf 84' lang='lat' dir='ltr'>elle</span> <span class='ocrx_word' id='word_1_83' title='bbox 468 2314 589 2389; x_wconf 85' lang='lat' dir='ltr'>delata,</span> <span class='ocrx_word' id='word_1_84' title='bbox 621 2336 684 2395; x_wconf 86' lang='lat' dir='ltr'>quae</span> <span class='ocrx_word' id='word_1_85' title='bbox 710 2313 802 2376; x_wconf 85' lang='lat' dir='ltr'>essent</span> <span class='ocrx_word' id='word_1_86' title='bbox 829 2335 895 2377; x_wconf 86' lang='lat' dir='ltr'>ante</span> 
     </span>
     <span class='ocr_line' id='line_1_15' title="bbox 212 2394 896 2476; baseline 0.004 -23"><span class='ocrx_word' id='word_1_87' title='bbox 212 2394 375 2469; x_wconf 29' lang='lat' dir='ltr'>&#39;adventum</span> <span class='ocrx_word' id='word_1_88' title='bbox 390 2413 489 2453; x_wconf 89' lang='lat' dir='ltr'>meum</span> <span class='ocrx_word' id='word_1_89' title='bbox 508 2396 668 2470; x_wconf 86' lang='lat' dir='ltr'>occultata,</span> <span class='ocrx_word' id='word_1_90' title='bbox 688 2396 769 2475; x_wconf 71' lang='lat' dir='ltr'>quod</span> <span class='ocrx_word' id='word_1_91' title='bbox 789 2398 828 2467; x_wconf 89' lang='lat' dir='ltr'>ii,</span> <span class='ocrx_word' id='word_1_92' title='bbox 847 2399 896 2476; x_wconf 89' lang='lat' dir='ltr'>qui</span> 
     </span>
     <span class='ocr_line' id='line_1_16' title="bbox 215 2472 897 2555; baseline 0 -20"><span class='ocrx_word' id='word_1_93' title='bbox 215 2493 246 2535; x_wconf 85' lang='lat' dir='ltr'>ea</span> <span class='ocrx_word' id='word_1_94' title='bbox 273 2472 442 2555; x_wconf 85' lang='lat' dir='ltr'>patefacere</span> <span class='ocrx_word' id='word_1_95' title='bbox 473 2473 611 2554; x_wconf 87' lang='lat' dir='ltr'>pollent,</span> <span class='ocrx_word' id='word_1_96' title='bbox 640 2493 759 2555; x_wconf 87' lang='lat' dir='ltr'>propter</span> <span class='ocrx_word' id='word_1_97' title='bbox 785 2493 897 2535; x_wconf 91' lang='lat' dir='ltr'>metum</span> 
     </span>
     <span class='ocr_line' id='line_1_17' title="bbox 215 2552 898 2635; baseline 0 -20"><span class='ocrx_word' id='word_1_98' title='bbox 215 2552 408 2615; x_wconf 81' lang='lat' dir='ltr'>reticuissent:</span> <span class='ocrx_word' id='word_1_99' title='bbox 429 2573 466 2614; x_wconf 90' lang='lat' dir='ltr'>eo</span> <span class='ocrx_word' id='word_1_100' title='bbox 481 2574 577 2616; x_wconf 90' lang='lat' dir='ltr'>autem</span> <span class='ocrx_word' id='word_1_101' title='bbox 592 2571 751 2635; x_wconf 85' lang='lat' dir='ltr'>tempore,</span> <span class='ocrx_word' id='word_1_102' title='bbox 772 2554 822 2634; x_wconf 92' lang='lat' dir='ltr'>spe</span> <span class='ocrx_word' id='word_1_103' title='bbox 838 2559 898 2615; x_wconf 91' lang='lat' dir='ltr'>mei</span> 
     </span>
     <span class='ocr_line' id='line_1_18' title="bbox 217 2634 898 2715; baseline 0.001 -22"><span class='ocrx_word' id='word_1_104' title='bbox 217 2635 364 2714; x_wconf 84' lang='lat' dir='ltr'>praesidii,</span> <span class='ocrx_word' id='word_1_105' title='bbox 383 2654 450 2694; x_wconf 89' lang='lat' dir='ltr'>com</span> <span class='ocrx_word' id='word_1_106' title='bbox 471 2635 546 2696; x_wconf 87' lang='lat' dir='ltr'>lures</span> <span class='ocrx_word' id='word_1_107' title='bbox 569 2656 606 2696; x_wconf 88' lang='lat' dir='ltr'>ea</span> <span class='ocrx_word' id='word_1_108' title='bbox 628 2656 692 2715; x_wconf 87' lang='lat' dir='ltr'>quae</span> <span class='ocrx_word' id='word_1_109' title='bbox 713 2634 833 2709; x_wconf 84' lang='lat' dir='ltr'>scirent,</span> <span class='ocrx_word' id='word_1_110' title='bbox 849 2657 898 2694; x_wconf 90' lang='lat' dir='ltr'>au·</span> 
     </span>
     <span class='ocr_line' id='line_1_19' title="bbox 216 2656 899 2777; baseline 0 -4"><span class='ocrx_word' id='word_1_111' title='bbox 216 2714 310 2777; x_wconf 68' lang='lat' dir='ltr'>daRet</span> <span class='ocrx_word' id='word_1_112' title='bbox 328 2714 368 2773; x_wconf 86' lang='lat' dir='ltr'>ad</span> <span class='ocrx_word' id='word_1_113' title='bbox 391 2713 419 2774; x_wconf 90' lang='lat' dir='ltr'>se</span> <span class='ocrx_word' id='word_1_114' title='bbox 442 2656 569 2775; x_wconf 56' lang='lat' dir='ltr'>detulisse</span> <span class='ocrx_word' id='word_1_115' title='bbox 589 2734 597 2774; x_wconf 74' lang='lat' dir='ltr'>a</span> <span class='ocrx_word' id='word_1_116' title='bbox 622 2717 651 2774; x_wconf 90' lang='lat' dir='ltr'>in</span> <span class='ocrx_word' id='word_1_117' title='bbox 671 2715 714 2774; x_wconf 85' lang='lat' dir='ltr'>his</span> <span class='ocrx_word' id='word_1_118' title='bbox 734 2716 899 2775; x_wconf 84' lang='lat' dir='ltr'>amantissi-</span> 
     </span>
     <span class='ocr_line' id='line_1_20' title="bbox 217 2793 898 2877; baseline 0.001 -24"><span class='ocrx_word' id='word_1_119' title='bbox 217 2814 293 2855; x_wconf 86' lang='lat' dir='ltr'>mum</span> <span class='ocrx_word' id='word_1_120' title='bbox 313 2794 381 2867; x_wconf 90' lang='lat' dir='ltr'>sui,</span> <span class='ocrx_word' id='word_1_121' title='bbox 402 2793 511 2856; x_wconf 73' lang='lat' dir='ltr'>summai</span> <span class='ocrx_word' id='word_1_122' title='bbox 531 2799 638 2877; x_wconf 87' lang='lat' dir='ltr'>pietate</span> <span class='ocrx_word' id='word_1_123' title='bbox 656 2796 828 2875; x_wconf 72' lang='lat' dir='ltr'>preditum,</span> <span class='ocrx_word' id='word_1_124' title='bbox 843 2794 898 2855; x_wconf 89' lang='lat' dir='ltr'>sra-</span> 
     </span>
     <span class='ocr_line' id='line_1_21' title="bbox 217 2874 898 2957; baseline 0.003 -23"><span class='ocrx_word' id='word_1_125' title='bbox 217 2889 308 2948; x_wconf 88' lang='lat' dir='ltr'>trem,</span> <span class='ocrx_word' id='word_1_126' title='bbox 331 2874 430 2935; x_wconf 87' lang='lat' dir='ltr'>dicere</span> <span class='ocrx_word' id='word_1_127' title='bbox 448 2896 502 2952; x_wconf 86' lang='lat' dir='ltr'>ea,</span> <span class='ocrx_word' id='word_1_128' title='bbox 524 2896 588 2957; x_wconf 85' lang='lat' dir='ltr'>quae</span> <span class='ocrx_word' id='word_1_129' title='bbox 603 2878 626 2935; x_wconf 90' lang='lat' dir='ltr'>is</span> <span class='ocrx_word' id='word_1_130' title='bbox 646 2895 692 2935; x_wconf 87' lang='lat' dir='ltr'>me</span> <span class='ocrx_word' id='word_1_131' title='bbox 711 2896 829 2956; x_wconf 87' lang='lat' dir='ltr'>quoque</span> <span class='ocrx_word' id='word_1_132' title='bbox 845 2898 898 2936; x_wconf 89' lang='lat' dir='ltr'>au-</span> 
     </span>
     <span class='ocr_line' id='line_1_22' title="bbox 216 2952 896 3030; baseline 0.006 -15"><span class='ocrx_word' id='word_1_133' title='bbox 216 2952 313 3017; x_wconf 85' lang='lat' dir='ltr'>diente</span> <span class='ocrx_word' id='word_1_134' title='bbox 345 2955 486 3029; x_wconf 87' lang='lat' dir='ltr'>dicebat,</span> <span class='ocrx_word' id='word_1_135' title='bbox 513 2955 542 3017; x_wconf 91' lang='lat' dir='ltr'>se</span> <span class='ocrx_word' id='word_1_136' title='bbox 563 2955 742 3018; x_wconf 88' lang='lat' dir='ltr'>sollicitatum</span> <span class='ocrx_word' id='word_1_137' title='bbox 764 2955 842 3030; x_wconf 87' lang='lat' dir='ltr'>esse,</span> <span class='ocrx_word' id='word_1_138' title='bbox 863 2975 896 3019; x_wconf 90' lang='lat' dir='ltr'>ut</span> 
     </span>
     <span class='ocr_line' id='line_1_23' title="bbox 216 3036 897 3118; baseline -0.001 -21"><span class='ocrx_word' id='word_1_139' title='bbox 216 3054 336 3118; x_wconf 82' lang='lat' dir='ltr'>regnare</span> <span class='ocrx_word' id='word_1_140' title='bbox 361 3036 473 3096; x_wconf 88' lang='lat' dir='ltr'>vellet:</span> <span class='ocrx_word' id='word_1_141' title='bbox 497 3037 528 3095; x_wconf 91' lang='lat' dir='ltr'>id</span> <span class='ocrx_word' id='word_1_142' title='bbox 548 3037 620 3097; x_wconf 87' lang='lat' dir='ltr'>vivo</span> <span class='ocrx_word' id='word_1_143' title='bbox 638 3036 722 3096; x_wconf 89' lang='lat' dir='ltr'>fratre</span> <span class='ocrx_word' id='word_1_144' title='bbox 746 3036 795 3096; x_wconf 91' lang='lat' dir='ltr'>suo</span> <span class='ocrx_word' id='word_1_145' title='bbox 815 3039 897 3097; x_wconf 88' lang='lat' dir='ltr'>acci-</span> 
     </span>
     <span class='ocr_line' id='line_1_24' title="bbox 217 3113 897 3195; baseline 0.001 -20"><span class='ocrx_word' id='word_1_146' title='bbox 217 3114 282 3177; x_wconf 88' lang='lat' dir='ltr'>dere</span> <span class='ocrx_word' id='word_1_147' title='bbox 304 3135 369 3175; x_wconf 90' lang='lat' dir='ltr'>non</span> <span class='ocrx_word' id='word_1_148' title='bbox 398 3113 518 3195; x_wconf 86' lang='lat' dir='ltr'>potuisse</span> <span class='ocrx_word' id='word_1_149' title='bbox 537 3136 545 3174; x_wconf 78' lang='lat' dir='ltr'>t</span> <span class='ocrx_word' id='word_1_150' title='bbox 571 3115 715 3176; x_wconf 83' lang='lat' dir='ltr'>letamen</span> <span class='ocrx_word' id='word_1_151' title='bbox 736 3135 802 3176; x_wconf 89' lang='lat' dir='ltr'>ante</span> <span class='ocrx_word' id='word_1_152' title='bbox 825 3117 897 3176; x_wconf 90' lang='lat' dir='ltr'>illud</span> 
     </span>
     <span class='ocr_line' id='line_1_25' title="bbox 216 3196 897 3278; baseline -0.003 -23"><span class='ocrx_word' id='word_1_153' title='bbox 216 3212 330 3278; x_wconf 86' lang='lat' dir='ltr'>tempus</span> <span class='ocrx_word' id='word_1_154' title='bbox 354 3215 421 3255; x_wconf 86' lang='lat' dir='ltr'>eam</span> <span class='ocrx_word' id='word_1_155' title='bbox 444 3216 506 3256; x_wconf 91' lang='lat' dir='ltr'>rem</span> <span class='ocrx_word' id='word_1_156' title='bbox 532 3216 689 3276; x_wconf 89' lang='lat' dir='ltr'>numquam</span> <span class='ocrx_word' id='word_1_157' title='bbox 713 3200 742 3254; x_wconf 93' lang='lat' dir='ltr'>in</span> <span class='ocrx_word' id='word_1_158' title='bbox 768 3196 897 3256; x_wconf 91' lang='lat' dir='ltr'>medium</span> 
     </span>
     <span class='ocr_line' id='line_1_26' title="bbox 220 3273 898 3357; baseline -0.006 -20"><span class='ocrx_word' id='word_1_159' title='bbox 220 3292 338 3357; x_wconf 84' lang='lat' dir='ltr'>propter</span> <span class='ocrx_word' id='word_1_160' title='bbox 382 3276 480 3335; x_wconf 90' lang='lat' dir='ltr'>ericuli</span> <span class='ocrx_word' id='word_1_161' title='bbox 498 3294 608 3336; x_wconf 88' lang='lat' dir='ltr'>metum</span> <span class='ocrx_word' id='word_1_162' title='bbox 632 3273 787 3355; x_wconf 88' lang='lat' dir='ltr'>protulisse.</span> <span class='ocrx_word' id='word_1_163' title='bbox 818 3274 898 3353; x_wconf 85' lang='lat' dir='ltr'>Quae</span> 
     </span>
     <span class='ocr_line' id='line_1_27' title="bbox 218 3356 900 3437; baseline 0 -22"><span class='ocrx_word' id='word_1_164' title='bbox 218 3374 305 3435; x_wconf 85' lang='lat' dir='ltr'>quum</span> <span class='ocrx_word' id='word_1_165' title='bbox 325 3376 342 3416; x_wconf 91' lang='lat' dir='ltr'>e</span> <span class='ocrx_word' id='word_1_166' title='bbox 366 3373 397 3415; x_wconf 89' lang='lat' dir='ltr'>et</span> <span class='ocrx_word' id='word_1_167' title='bbox 421 3356 561 3428; x_wconf 90' lang='lat' dir='ltr'>locutus,</span> <span class='ocrx_word' id='word_1_168' title='bbox 589 3358 690 3416; x_wconf 90' lang='lat' dir='ltr'>monui</span> <span class='ocrx_word' id='word_1_169' title='bbox 709 3374 837 3437; x_wconf 86' lang='lat' dir='ltr'>regem,</span> <span class='ocrx_word' id='word_1_170' title='bbox 867 3372 900 3415; x_wconf 87' lang='lat' dir='ltr'>ut</span> 
     </span>
     <span class='ocr_line' id='line_1_28' title="bbox 223 3434 897 3517; baseline 0.001 -24"><span class='ocrx_word' id='word_1_171' title='bbox 223 3454 337 3497; x_wconf 87' lang='lat' dir='ltr'>onmem</span> <span class='ocrx_word' id='word_1_172' title='bbox 360 3436 537 3517; x_wconf 85' lang='lat' dir='ltr'>diligentiam</span> <span class='ocrx_word' id='word_1_173' title='bbox 563 3434 646 3496; x_wconf 85' lang='lat' dir='ltr'>adse</span> <span class='ocrx_word' id='word_1_174' title='bbox 667 3435 897 3496; x_wconf 83' lang='lat' dir='ltr'>conservandum</span> 
     </span>
     <span class='ocr_line' id='line_1_29' title="bbox 223 3513 899 3597; baseline -0.001 -21"><span class='ocrx_word' id='word_1_175' title='bbox 223 3514 397 3588; x_wconf 51' lang='lat' dir='ltr'>adhiberem</span> <span class='ocrx_word' id='word_1_176' title='bbox 425 3516 587 3597; x_wconf 90' lang='lat' dir='ltr'>amicosque</span> <span class='ocrx_word' id='word_1_177' title='bbox 607 3518 693 3595; x_wconf 86' lang='lat' dir='ltr'>patris</span> <span class='ocrx_word' id='word_1_178' title='bbox 715 3513 777 3593; x_wconf 73' lang='lat' dir='ltr'>ejus</span> <span class='ocrx_word' id='word_1_179' title='bbox 795 3518 899 3595; x_wconf 82' lang='lat' dir='ltr'>avique</span> 
     </span>
     <span class='ocr_line' id='line_1_30' title="bbox 223 3589 898 3676; baseline 0.003 -23"><span class='ocrx_word' id='word_1_180' title='bbox 223 3589 325 3670; x_wconf 82' lang='lat' dir='ltr'>judicio</span> <span class='ocrx_word' id='word_1_181' title='bbox 346 3595 485 3675; x_wconf 86' lang='lat' dir='ltr'>probatos</span> <span class='ocrx_word' id='word_1_182' title='bbox 505 3597 634 3656; x_wconf 89' lang='lat' dir='ltr'>hortatus</span> <span class='ocrx_word' id='word_1_183' title='bbox 654 3595 738 3667; x_wconf 68' lang='lat' dir='ltr'>sum,</span> <span class='ocrx_word' id='word_1_184' title='bbox 759 3597 833 3676; x_wconf 85' lang='lat' dir='ltr'>regis</span> <span class='ocrx_word' id='word_1_185' title='bbox 858 3595 898 3655; x_wconf 89' lang='lat' dir='ltr'>sui</span> 
     </span>
     <span class='ocr_line' id='line_1_31' title="bbox 212 3673 898 3754; baseline 0.001 -20"><span class='ocrx_word' id='word_1_186' title='bbox 212 3675 326 3748; x_wconf 84' lang='lat' dir='ltr'>¹vitam,</span> <span class='ocrx_word' id='word_1_187' title='bbox 347 3675 424 3735; x_wconf 74' lang='lat' dir='ltr'>dotti</span> <span class='ocrx_word' id='word_1_188' title='bbox 438 3676 500 3735; x_wconf 91' lang='lat' dir='ltr'>casu</span> <span class='ocrx_word' id='word_1_189' title='bbox 518 3677 703 3736; x_wconf 87' lang='lat' dir='ltr'>acerbissimo</span> <span class='ocrx_word' id='word_1_190' title='bbox 718 3678 803 3754; x_wconf 87' lang='lat' dir='ltr'>patris</span> <span class='ocrx_word' id='word_1_191' title='bbox 819 3673 898 3751; x_wconf 84' lang='lat' dir='ltr'>ejus,</span> 
     </span>
    </p>
   </div>
   <div class='ocr_carea' id='block_1_3' title="bbox 163 3754 898 3911">
    <p class='ocr_par' dir='ltr' id='par_1_3' title="bbox 163 3754 898 3911">
     <span class='ocr_line' id='line_1_32' title="bbox 163 3754 898 3838; baseline 0.005 -24"><span class='ocrx_word' id='word_1_192' title='bbox 163 3816 168 3830; x_wconf 48' lang='lat'><em>„</em></span> <span class='ocrx_word' id='word_1_193' title='bbox 221 3757 300 3814; x_wconf 84' lang='lat' dir='ltr'>omni</span> <span class='ocrx_word' id='word_1_194' title='bbox 310 3756 377 3815; x_wconf 78' lang='lat' dir='ltr'>cural</span> <span class='ocrx_word' id='word_1_195' title='bbox 390 3755 571 3838; x_wconf 55' lang='lat' dir='ltr'>custodiaque</span> <span class='ocrx_word' id='word_1_196' title='bbox 582 3755 782 3817; x_wconf 84' lang='lat' dir='ltr'>defenderent.</span> <span class='ocrx_word' id='word_1_197' title='bbox 795 3754 898 3836; x_wconf 89' lang='lat' dir='ltr'>Quum</span> 
     </span>
     <span class='ocr_line' id='line_1_33' title="bbox 163 3836 798 3911; baseline 0.003 -16"><span class='ocrx_word' id='word_1_198' title='bbox 163 3872 169 3911; x_wconf 77' lang='lat'>,³</span> <span class='ocrx_word' id='word_1_199' title='bbox 260 3838 363 3896; x_wconf 73' lang='lat' dir='ltr'>tomus</span> <span class='ocrx_word' id='word_1_200' title='bbox 385 3836 458 3902; x_wconf 86' lang='lat' dir='ltr'><em>XII.</em></span> <span class='ocrx_word' id='word_1_201' title='bbox 769 3836 798 3897; x_wconf 91' lang='lat' dir='ltr'><strong>K</strong></span> 
     </span>
    </p>
   </div>
   <div class='ocr_carea' id='block_1_4' title="bbox 0 0 1220 5492">
    <p class='ocr_par' dir='ltr' id='par_1_4' title="bbox 0 0 1220 5492">
     <span class='ocr_line' id='line_1_34' title="bbox 0 0 1220 5492; baseline 0 0"><span class='ocrx_word' id='word_1_202' title='bbox 0 0 1220 5492; x_wconf 95' lang='lat' dir='ltr'> </span> 
     </span>
    </p>
   </div>
  </div>
 </body>
</html>
