2409 5492
257 1219 336 1314 238
369 1262 372 1269 -
411 1218 782 1285 Enrsrorrnurr
823 1274 829 1285 .

299 1351 332 1399 oa
356 1331 473 1391 mereris
496 1374 506 1404 ‚
543 1329 576 1389 &
607 1348 680 1408 quos
711 1325 775 1387 fote
811 1346 869 1386 con

255 1348 352 1492 ἓὲο,
383 1412 407 1469 si
427 1429 474 1469 me
496 1410 644 1490 navigatio
672 1428 732 1468 non
758 1406 869 1467 morabi

298 1510 322 1546 ae
345 1489 508 1550 incurrebat
527 1492 556 1549 in
576 1485 654 1570 ipsos
676 1485 808 1560 Etesias,
830 1508 869 1567 pn

256 1508 338 1631 {lem
359 1587 410 1644 re,
429 1585 462 1629 ut
484 1569 591 1650 spero,
612 1566 733 1631 videbo.
760 1565 852 1629 Vale.

254 1734 259 1743 ·
286 1696 333 1760 M.
353 1696 392 1759 T.
413 1696 450 1759 C.
476 1696 564 1759 lura.
590 1696 626 1758 L.
656 1695 799 1757 Pnuno
830 1693 860 1759 C

429 1775 782 1871 nmmnbbss

222 1960 224 1965 ,
260 1906 465 1962 Grannum
483 1910 562 1961 Paulo
585 1911 614 1958 de
636 1905 785 1976 consulatu,
813 1908 838 1959 ἃ
853 1927 869 1959 rr

282 1984 407 2051 provincia
413 1993 572 2052 prorogetur,
584 1996 663 2051 rogat.
682 1983 753 2031 Anno
765 1980 799 2031 U.
813 1984 841 2033 C.
853 1999 869 2047 7

258 2136 311 2191 Ὠ.
323 2061 448 2190 Etsi
469 2130 539 2192 milri
556 2150 715 2209 numquam
732 2127 786 2191 luit
800 2128 869 2191 dubi

260 2212 331 2290 quin
353 2227 383 2271 te
404 2212 527 2291 populus
548 2211 698 2271 Romanus
719 2231 772 2290 pro
797 2211 853 2271 urie

258 2293 314 2352 mis
331 2293 360 2349 in
381 2291 587 2373 rempublicam
604 2293 736 2362 meritis,
754 2291 786 2350 &
802 2310 858 2370 pro

258 2369 387 2451 plissima
399 2369 513 2430 familiae
529 2372 664 2454 dignitate
677 2416 687 2444 ‚
703 2368 816 2430 summo
829 2368 869 2429 stu

258 2449 366 2511 tunblis
387 2449 468 2510 suffra
488 2455 521 2511 iis
542 2451 690 2512 consulem
710 2449 833 2511 fallatur
851 2469 869 2512 e

259 2545 358 2590 tamen
387 2473 547 2592 increiibili
576 2529 674 2591 laetitii
699 2528 762 2589 sum
792 2526 869 2591 affe&

258 2630 351 2691 quum
375 2610 405 2669 id
431 2613 502 2671 mihi
524 2610 685 2671 nuntiatum
711 2606 781 2684 est3
812 2630 869 2671 eun

259 2689 405 2750 honorem
432 2693 483 2751 tibi
509 2692 581 2752 deos
609 2689 754 2751 fortunare
787 2690 862 2751 volo

258 2788 346 2849 teque
362 2791 398 2831 ex
413 2787 480 2842 tua,
496 2769 695 2850 majorumque
709 2788 825 2830 tuorum
841 2769 869 2829 di

258 2866 318 2908 tate
340 2848 534 2910 administrari.
564 2851 663 2930 Atque
688 2853 797 2909 utinam
815 2870 869 2930 pra

257 2927 339 2987 illum
358 2928 434 2987 diem
453 2930 522 2988 mihi
538 2933 749 3009 optatissimum
766 2929 867 2991 videre

256 3005 388 3078 tuillem,
405 3013 516 3089 proque
535 3014 589 3068 tuis
609 3010 789 3088 amplissimis
805 3029 869 3092 erga

256 3084 359 3146 studiis¹
371 3105 456 3167 atque
475 3089 623 3149 beneficiis
641 3090 692 3149 ribi
709 3109 830 3169 operam
842 3111 869 3149 nr

255 3164 436 3246 studiumque
458 3189 575 3229 navare.
597 3168 700 3247 Quam
723 3170 794 3229 milri
815 3167 869 3229 fact

257 3264 318 3307 tem
340 3268 429 3327 quum
450 3250 495 3308 hic
516 3269 570 3309 nec
590 3253 723 3327 opinatus
746 3249 869 3331 &impr

257 3325 301 3385 sus
339 3329 472 3386 rovinciae
489 3328 567 3387 casus
582 3333 705 3407 eripuit,
725 3346 844 3403 tamen,
862 3352 869 3391 r

256 3348 404 3466 conlulem
425 3408 630 3486 rempublicam
652 3431 706 3487 pro
727 3426 775 3469 tua
797 3408 868 3491 dign

255 3505 405 3567 gerentem
429 3486 528 3547 videre
551 3489 689 3567 possim,
716 3510 762 3547 ma
785 3508 869 3569 noper

255 3584 401 3645 repeto,
423 3582 455 3624 ut
479 3588 598 3647 operam
623 3566 704 3641 des,
735 3509 869 3643 elicias5

255 3644 327 3725 quid
347 3646 416 3704 milri
440 3642 489 3705 fiat
509 3645 640 3725 injuriae,
665 3669 740 3708 neve
762 3649 833 3729 quid
856 3667 868 3709 t

255 3725 336 3803 poris
358 3726 395 3787 ad
415 3745 515 3788 meum
536 3748 663 3789 annuum
681 3749 785 3790 munus
805 3750 869 3792 acce
