2409 5492
330 1247 393 1300 Au
413 1228 458 1321 Q.
471 1231 666 1300 Furrnrrr
687 1231 774 1299 er.
793 1232 820 1299 1.
854 1249 927 1327 305

287 1340 348 1405 111.
379 1344 420 1404 At
442 1365 479 1405 ue
505 1345 570 1403 huic
593 1361 650 1405 tuae
669 1345 861 1406 voluntariae
881 1348 926 1407 di·

246 1423 266 1482 li
287 1427 375 1483 entiae
388 1366 581 1485 difficultatem
595 1442 729 1505 magnam
743 1424 864 1487 afferunt
877 1449 930 1506 pu-

247 1443 377 1576 blicani;
400 1505 503 1586 quibus
524 1508 547 1563 si
569 1503 771 1579 adversamur,
795 1508 929 1567 ordinem

247 1582 285 1642 de
305 1585 394 1643 nobis
420 1584 530 1664 optime
549 1586 712 1659 meritum,
742 1586 774 1645 &
799 1607 851 1666 per
874 1609 928 1647 nos

247 1682 314 1723 cum
332 1664 481 1745 republica
499 1662 685 1739 conjunslum
702 1710 713 1736 ,
737 1667 803 1726 &a
822 1666 928 1740 nobis,

248 1742 279 1803 δι
308 1764 326 1801 a
357 1744 506 1825 republica
535 1742 742 1825 dijungemus:
770 1749 929 1807 sinautem

247 1822 383 1884 omnibus
403 1826 434 1884 in
452 1825 536 1884 rebus
561 1822 782 1904 obsequemur,
804 1824 930 1887 funditus

247 1921 298 1962 eos
319 1908 415 1984 perire
439 1908 601 1985 patiemur,
622 1925 744 1983 quorum
763 1926 822 1965 non
840 1907 931 1967 modb

247 1981 349 2058 saluti,
364 1984 414 2045 sed
430 1988 517 2044 etiam
533 1984 696 2044 commodis
712 1984 860 2046 consulere
877 1987 930 2046 de·

248 2063 360 2124 benum.
388 2065 461 2125 Haec
489 2063 530 2125 est
554 2085 612 2123 una
635 2065 691 2138 (si
707 2066 779 2125 vere
803 2070 929 2148 cogitare

248 2144 385 2205 volumus
404 2145 417 2226 )
435 2147 464 2203 in
479 2162 543 2205 toto
560 2147 683 2223 imperio
699 2161 750 2204 tuo
770 2143 930 2207 difficultas.

249 2221 325 2291 Nam
351 2221 410 2286 effe
432 2223 639 2296 abstinentem
659 2227 806 2285 continere
826 2246 928 2287 omnes

248 2324 280 2361 cu
303 2302 448 2377 'ditates3
471 2305 535 2365 suos
561 2324 716 2377 coercere;
740 2303 808 2383 juris
827 2328 929 2387 acqua-

247 2382 337 2445 biem
367 2403 467 2446 tenere
498 2389 639 2445 rationem
662 2405 671 2457 ;
700 2384 813 2446 facilem
840 2403 869 2446 te
898 2391 927 2446 in

246 2464 330 2524 rebus
346 2464 577 2547 cognoscendis,
592 2469 622 2525 in
633 2465 796 2524 hominibus
811 2467 930 2525 audien-

248 2544 289 2603 dis
317 2545 560 2627 admittendisque
573 2544 738 2626 vpraebere3
762 2546 928 2623 praclarum

247 2627 338 2704 magis
358 2623 426 2700 est,
452 2625 537 2706 quam
555 2624 692 2685 difficile:
714 2645 773 2683 non
793 2622 833 2683 est
850 2627 928 2684 enim

247 2705 375 2783 positum
399 2708 430 2765 in
456 2708 555 2766 labore
581 2707 678 2784 aliquo
697 2738 714 2776 ,·
733 2702 783 2762 sed
806 2705 834 2760 in
858 2724 928 2783 qua-

247 2784 312 2843 dam
328 2786 494 2849 indubione
509 2789 595 2844 animi
611 2803 695 2863 atque
706 2785 864 2842 voluntate.
877 2781 930 2843 llla

247 2863 329 2924 causa
346 2868 567 2946 publicanorum
586 2882 722 2944 quantam
744 2864 929 2924 acerbitatem

248 2942 346 3005 afferat
358 2945 461 3019 sociis,
475 2947 667 3006 intelleximus
682 2963 717 3002 ex
733 2943 862 3018 civibus,
879 2946 928 3026 qui

248 3044 339 3105 nuper
361 3029 393 3086 in
418 3029 552 3105 portoriis
573 3025 661 3084 Italiae
682 3024 843 3097 tollendis,
866 3046 927 3084 non

248 3122 304 3165 tarn
326 3104 364 3166 de
387 3111 540 3186 portorio,
560 3106 646 3185 quarn
667 3105 703 3164 de
721 3106 864 3164 nonnullis
885 3108 929 3163 in-

249 3181 324 3261 juriis
342 3190 517 3265 portitorum
535 3186 734 3265 querebantur.
748 3183 850 3259 Quare
867 3206 928 3243 non

250 3266 382 3345 ignoro,
413 3267 481 3346 quid
514 3265 596 3326 sociis
627 3263 737 3324 accidat
765 3266 795 3320 in
823 3264 931 3324 ultimis

248 3347 353 3417 terris,
398 3368 467 3405 uum
487 3347 624 3405 audierim
648 3347 677 3402 in
696 3341 776 3402 ltalia
795 3342 925 3420 querelas

250 3426 364 3485 civium.
376 3366 446 3486 llic
464 3443 493 3485 te
514 3424 698 3496 interfari,
728 3441 758 3481 ut
781 3423 812 3481 ὃ(
830 3420 929 3501 publi-

250 3508 324 3567 canis
344 3505 495 3566 satisfacias
510 3503 527 3644 }
543 3503 696 3586 prasertim
715 3503 835 3582 publicis
852 3502 929 3562 male

249 3585 405 3667 redemptis
426 3585 440 3667 )
460 3586 492 3644 &
522 3588 602 3645 ocios
624 3587 717 3663 petire
742 3604 801 3642 non
828 3583 930 3653 sinas,

249 3665 351 3726 divinae
378 3664 524 3746 cujusdam
544 3668 655 3728 virtutis
673 3661 729 3725 elle
749 3661 882 3736 videtur,
895 3661 928 3723 id

248 3746 283 3808 ell
303 3766 372 3810 tuae.
