2409 5492
292 1260 355 1313 An
373 1243 418 1336 Q.
429 1244 626 1316 anrnant
638 1247 788 1319 Lra.·1!.
818 1270 895 1346 337

213 1361 358 1420 omittam.
375 1358 425 1419 De
443 1358 632 1423 aedificatione
650 1360 742 1424 tuaC
801 1383 831 1422 m
848 1385 897 1424 ur·

190 1510 193 1517 Ι
213 1460 281 1579 fere
296 1461 358 1500 non
374 1438 449 1500 cesso
463 1460 470 1498 r
484 1441 565 1521 spero
580 1463 648 1503 eum
661 1447 721 1503 ino
754 1447 800 1502 cio
813 1443 899 1518 soret

223 1522 266 1587 ed¹
284 1523 384 1580 omnia
409 1519 470 1581 sunt
494 1523 620 1582 tardiora
643 1541 761 1604 propter
782 1523 897 1585 furiosae

212 1600 355 1661 aedilitatis
386 1599 637 1680 exspesiationem.
670 1603 746 1663 Nam
779 1607 896 1664 comitia

214 1681 273 1741 sine
301 1701 386 1739 mora
411 1679 506 1741 sutura
530 1683 691 1743 videntur:
716 1681 806 1744 edida
832 1684 895 1746 sunt

213 1774 239 1819 ar
254 1760 284 1820 d.
302 1779 351 1821 xa.
366 1760 434 1822 Kal.
450 1760 534 1821 Febr.
544 1786 550 1817 ·.
562 1762 610 1823 Te
631 1780 729 1824 tamen
745 1763 897 1825 sollicitum

215 1839 268 1901 effe
288 1842 361 1901 nolo
378 1860 493 1901 t-omne
513 1862 602 1923 genus
620 1845 737 1903 anobis
756 1847 898 1904 cautionis

215 1921 407 1981 adhibebitur.
427 1921 475 1980 De
493 1942 560 2004 rege
577 1923 776 1983 Alexandrino
792 1922 898 1984 fassum

218 2000 255 2060 est
289 1999 589 2076 senatusconsultum,
619 2025 684 2063 cum
716 2004 898 2066 multitudine

216 2100 281 2141 eum
295 2081 396 2142 reduci
410 2083 599 2160 periculosum
615 2085 779 2163 reipublicae
794 2085 900 2147 videri.

216 2160 338 2241 Reliqua
359 2182 449 2242 quum
470 2161 538 2223 esset
560 2165 589 2223 in
611 2162 708 2224 senatu
730 2167 897 2240 contentio,

215 2239 387 2302 Lentulusne
407 2263 443 2299 an
462 2240 616 2323 Pompeius
637 2245 804 2318 reduceret,
819 2247 897 2325 obti-

216 2342 282 2384 nere
302 2321 416 2381 causam
433 2323 568 2384 Lentulus
586 2326 745 2385 videbatur.
762 2325 794 2384 In
813 2345 847 2385 ea
864 2348 896 2387 re

215 2404 267 2464 nos
287 2403 318 2462 &
334 2401 432 2462 officio
452 2424 520 2485 erga
538 2403 690 2465 Lentulum
711 2403 847 2477 mirifice,
864 2407 897 2466 &

215 2485 359 2543 voluntati
379 2482 509 2563 Pompeii
532 2485 666 2564 praeclare
688 2484 896 2545 satisfecimus:

217 2562 264 2623 sed
276 2585 331 2644 per
346 2563 550 2625 obtredatores
565 2567 679 2625 Lentuli
694 2585 739 2624 res
756 2565 898 2625 calumnia

218 2643 341 2704 estrada
359 2642 409 2704 est.
427 2643 582 2705 Consecuti
604 2644 665 2705 sunt
685 2646 745 2704 dies
764 2647 898 2704 comitia-

217 2724 274 2798 les,
282 2745 343 2864 Xer
358 2746 432 2806 quos
449 2725 559 2786 senatus
576 2724 675 2785 haberi
693 2746 753 2784 non
770 2741 896 2804 poterat.

219 2802 280 2883 Qui
322 2804 450 2865 futurum
471 2809 506 2864 sit
526 2807 676 2865 latrocinio
698 2804 898 2882 tribunorum,

218 2905 277 2945 non
299 2885 421 2945 divino:
437 2885 485 2946 sed
505 2905 603 2946 tamen
622 2885 744 2966 suspicor
763 2906 815 2966 per
834 2890 896 2947 vim

218 2969 400 3048 rogationem
420 2963 573 3026 Caninium
597 2969 780 3046 perlaturum.
808 2967 841 3028 In
862 2989 898 3029 ea

218 3065 248 3106 re
273 3046 429 3127 Pompeius
458 3048 526 3126 quid
550 3047 642 3119 velit,
661 3069 719 3108 non
751 3048 897 3128 dispicio:

218 3122 373 3188 familiares
396 3123 457 3204 ejus
482 3127 550 3208 quid
574 3130 707 3207 cupiant,
726 3149 826 3188 omnes
846 3132 896 3188 vi-

218 3206 311 3267 dent:
331 3207 488 3267 creditores
505 3210 577 3268 verb
596 3230 627 3267 re
647 3211 669 3266 is
690 3209 786 3284 aperte
808 3227 898 3286 pecu·

218 3289 278 3347 nias
303 3286 487 3367 suppeditant
512 3308 613 3348 contra
663 3287 801 3347 emulum.
828 3286 897 3348 Sine

219 3367 308 3428 dubio
326 3378 405 3428 res'a
421 3367 544 3428 Lentulo
562 3385 673 3428 remota
691 3367 804 3428 videtur
822 3365 898 3441 effe,

220 3469 284 3508 cum
317 3469 425 3530 magno
459 3453 526 3508 r'ueo
560 3450 693 3520 dolore;
723 3468 905 3528 quamquam-

220 3528 308 3590 multa
333 3527 421 3601 fecit,
461 3549 546 3602 uare,
565 3533 588 3588 si
612 3528 653 3589 fas
678 3525 763 3598 effer,
786 3525 846 3603 jure
870 3531 898 3588 ei
968 3570 972 3578 ·

219 3606 383 3669 succensere
401 3550 553 3689 podemus.
571 3608 639 3681 Tu,
655 3610 677 3665 si
694 3606 744 3666 issa
760 3606 898 3687 expedis,

218 3689 309 3751 vel-im
329 3689 417 3770 quarn
436 3691 561 3769 primum
579 3688 658 3749 bon'd
676 3689 706 3746 ὃ(
725 3689 802 3747 certd
821 3705 903 3747 tem-¹

219 3767 329 3851 pestate
358 3769 550 3847 conscendas,
568 3770 608 3833 ad
637 3787 743 3850 meque
771 3770 871 3829 venias
888 3790 907 3842 :3

262 3854 364 3912 Tomus
386 3851 460 3920 XII.
770 3846 792 3908 P
