<?xml version="1.0" encoding="UTF-8"?>
<!DOCTYPE html PUBLIC "-//W3C//DTD XHTML 1.0 Transitional//EN"
    "http://www.w3.org/TR/xhtml1/DTD/xhtml1-transitional.dtd">
<html xmlns="http://www.w3.org/1999/xhtml" xml:lang="en" lang="en">
 <head>
  <title>
</title>
<meta http-equiv="Content-Type" content="text/html;charset=utf-8" />
  <meta name='ocr-system' content='tesseract 3.04.00' />
  <meta name='ocr-capabilities' content='ocr_page ocr_carea ocr_par ocr_line ocrx_word'/>
</head>
<body>
  <div class='ocr_page' id='page_1' title='image "./mtulliiciceroni09lallgoog/mtulliiciceroni09lallgoog_0089.png"; bbox 0 0 2409 5492; ppageno 0'>
   <div class='ocr_carea' id='block_1_1' title="bbox 354 1264 952 1367">
    <p class='ocr_par' dir='ltr' id='par_1_1' title="bbox 354 1264 952 1367">
     <span class='ocr_line' id='line_1_1' title="bbox 354 1264 952 1367; baseline -0.005 -29"><span class='ocrx_word' id='word_1_1' title='bbox 354 1273 413 1338; x_wconf 74' lang='lat' dir='ltr'>&#39;AD</span> <span class='ocrx_word' id='word_1_2' title='bbox 428 1266 658 1338; x_wconf 61' lang='lat' dir='ltr'>muttum</span> <span class='ocrx_word' id='word_1_3' title='bbox 672 1265 760 1336; x_wconf 78' lang='lat' dir='ltr'>Lm.</span> <span class='ocrx_word' id='word_1_4' title='bbox 772 1264 862 1341; x_wconf 85' lang='grc' dir='ltr'><em>ΧΙΙ.</em></span> <span class='ocrx_word' id='word_1_5' title='bbox 899 1268 952 1367; x_wconf 69' lang='grc'>87</span> 
     </span>
    </p>
   </div>
   <div class='ocr_carea' id='block_1_2' title="bbox 262 1392 949 1542">
    <p class='ocr_par' dir='ltr' id='par_1_2' title="bbox 262 1392 949 1542">
     <span class='ocr_line' id='line_1_2' title="bbox 262 1392 949 1542; baseline 0.003 -17"><span class='ocrx_word' id='word_1_6' title='bbox 262 1392 443 1538; x_wconf 62' lang='grc' dir='ltr'>αᾼΕοο</span> <span class='ocrx_word' id='word_1_7' title='bbox 478 1463 589 1525; x_wconf 85' lang='lat' dir='ltr'>nullum</span> <span class='ocrx_word' id='word_1_8' title='bbox 624 1460 723 1521; x_wconf 86' lang='lat' dir='ltr'>locum</span> <span class='ocrx_word' id='word_1_9' title='bbox 757 1465 949 1542; x_wconf 66' lang='lat' dir='ltr'>praetermitto</span> 
     </span>
    </p>
   </div>
   <div class='ocr_carea' id='block_1_3' title="bbox 254 1543 1020 3884">
    <p class='ocr_par' dir='ltr' id='par_1_3' title="bbox 254 1543 1020 3884">
     <span class='ocr_line' id='line_1_3' title="bbox 262 1543 950 1626; baseline 0.003 -20"><span class='ocrx_word' id='word_1_10' title='bbox 262 1543 348 1626; x_wconf 84' lang='lat' dir='ltr'>(uec</span> <span class='ocrx_word' id='word_1_11' title='bbox 365 1548 448 1606; x_wconf 86' lang='lat' dir='ltr'>enim</span> <span class='ocrx_word' id='word_1_12' title='bbox 469 1543 566 1605; x_wconf 80' lang='lat' dir='ltr'>debeo</span> <span class='ocrx_word' id='word_1_13' title='bbox 585 1546 599 1622; x_wconf 82' lang='grc'><strong>)</strong></span> <span class='ocrx_word' id='word_1_14' title='bbox 622 1563 683 1603; x_wconf 88' lang='lat' dir='ltr'>non</span> <span class='ocrx_word' id='word_1_15' title='bbox 702 1543 793 1603; x_wconf 85' lang='lat' dir='ltr'>modb</span> <span class='ocrx_word' id='word_1_16' title='bbox 812 1544 950 1609; x_wconf 81' lang='lat' dir='ltr'>laudandi</span> 
     </span>
     <span class='ocr_line' id='line_1_4' title="bbox 261 1622 949 1704; baseline -0.001 -17"><span class='ocrx_word' id='word_1_17' title='bbox 261 1628 318 1697; x_wconf 77' lang='lat' dir='ltr'>tui,</span> <span class='ocrx_word' id='word_1_18' title='bbox 341 1625 392 1687; x_wconf 86' lang='lat' dir='ltr'>sed</span> <span class='ocrx_word' id='word_1_19' title='bbox 421 1645 462 1685; x_wconf 86' lang='lat' dir='ltr'>ne</span> <span class='ocrx_word' id='word_1_20' title='bbox 490 1623 614 1685; x_wconf 78' lang='lat' dir='ltr'>ornandi</span> <span class='ocrx_word' id='word_1_21' title='bbox 638 1624 765 1704; x_wconf 86' lang='lat' dir='ltr'>quidem.</span> <span class='ocrx_word' id='word_1_22' title='bbox 794 1622 853 1684; x_wconf 88' lang='lat' dir='ltr'>Sed</span> <span class='ocrx_word' id='word_1_23' title='bbox 880 1646 949 1689; x_wconf 72' lang='lat' dir='ltr'>meu</span> 
     </span>
     <span class='ocr_line' id='line_1_5' title="bbox 264 1702 944 1787; baseline 0.004 -22"><span class='ocrx_word' id='word_1_24' title='bbox 264 1703 348 1766; x_wconf 74' lang='lat' dir='ltr'>studia</span> <span class='ocrx_word' id='word_1_25' title='bbox 361 1726 435 1787; x_wconf 83' lang='lat' dir='ltr'>erga</span> <span class='ocrx_word' id='word_1_26' title='bbox 452 1723 483 1766; x_wconf 90' lang='lat' dir='ltr'>te</span> <span class='ocrx_word' id='word_1_27' title='bbox 504 1704 535 1764; x_wconf 87' lang='lat'>&amp;</span> <span class='ocrx_word' id='word_1_28' title='bbox 554 1702 650 1764; x_wconf 81' lang='lat' dir='ltr'>officia</span> <span class='ocrx_word' id='word_1_29' title='bbox 665 1705 743 1764; x_wconf 85' lang='lat' dir='ltr'>malo</span> <span class='ocrx_word' id='word_1_30' title='bbox 761 1706 815 1764; x_wconf 86' lang='lat' dir='ltr'>tibi</span> <span class='ocrx_word' id='word_1_31' title='bbox 828 1725 864 1764; x_wconf 83' lang='lat' dir='ltr'>ex</span> <span class='ocrx_word' id='word_1_32' title='bbox 879 1726 944 1767; x_wconf 84' lang='lat' dir='ltr'>tuo·</span> 
     </span>
     <span class='ocr_line' id='line_1_6' title="bbox 264 1785 946 1867; baseline 0.006 -22"><span class='ocrx_word' id='word_1_33' title='bbox 264 1806 322 1845; x_wconf 83' lang='lat' dir='ltr'>rum</span> <span class='ocrx_word' id='word_1_34' title='bbox 340 1786 469 1857; x_wconf 86' lang='lat' dir='ltr'>litteris,</span> <span class='ocrx_word' id='word_1_35' title='bbox 498 1785 587 1867; x_wconf 74' lang='lat' dir='ltr'>quim</span> <span class='ocrx_word' id='word_1_36' title='bbox 614 1803 650 1845; x_wconf 82' lang='lat' dir='ltr'>ex</span> <span class='ocrx_word' id='word_1_37' title='bbox 674 1787 765 1867; x_wconf 16' lang='lat' dir='ltr'>meist,</span> <span class='ocrx_word' id='word_1_38' title='bbox 788 1796 845 1845; x_wconf 76' lang='lat' dir='ltr'>ene</span> <span class='ocrx_word' id='word_1_39' title='bbox 863 1804 946 1849; x_wconf 73' lang='lat' dir='ltr'>uota.</span> 
     </span>
     <span class='ocr_line' id='line_1_7' title="bbox 254 1862 1020 1939; baseline 0 -15"><span class='ocrx_word' id='word_1_40' title='bbox 254 1862 308 1926; x_wconf 87' lang='lat' dir='ltr'>&#39;Te</span> <span class='ocrx_word' id='word_1_41' title='bbox 321 1883 419 1927; x_wconf 78' lang='lat' dir='ltr'>tamen</span> <span class='ocrx_word' id='word_1_42' title='bbox 435 1866 563 1939; x_wconf 86' lang='lat' dir='ltr'>hortor,</span> <span class='ocrx_word' id='word_1_43' title='bbox 581 1883 615 1924; x_wconf 87' lang='lat' dir='ltr'>ut</span> <span class='ocrx_word' id='word_1_44' title='bbox 634 1868 716 1924; x_wconf 84' lang='lat' dir='ltr'>omni</span> <span class='ocrx_word' id='word_1_45' title='bbox 733 1865 802 1923; x_wconf 75' lang='lat' dir='ltr'>curi</span> <span class='ocrx_word' id='word_1_46' title='bbox 818 1867 849 1922; x_wconf 86' lang='lat' dir='ltr'>iu</span> <span class='ocrx_word' id='word_1_47' title='bbox 866 1885 946 1924; x_wconf 86' lang='lat' dir='ltr'>rem·</span> <span class='ocrx_word' id='word_1_48' title='bbox 1017 1888 1020 1895; x_wconf 91' lang='lat'>·</span> 
     </span>
     <span class='ocr_line' id='line_1_8' title="bbox 269 1943 946 2025; baseline 0.003 -20"><span class='ocrx_word' id='word_1_49' title='bbox 269 1947 404 2025; x_wconf 78' lang='lat' dir='ltr'><strong>publicam</strong></span> <span class='ocrx_word' id='word_1_50' title='bbox 425 1947 597 2006; x_wconf 80' lang='lat' dir='ltr'>incumbas:</span> <span class='ocrx_word' id='word_1_51' title='bbox 621 1945 679 2005; x_wconf 85' lang='lat' dir='ltr'>hoc</span> <span class='ocrx_word' id='word_1_52' title='bbox 696 1943 737 2005; x_wconf 82' lang='lat' dir='ltr'>est</span> <span class='ocrx_word' id='word_1_53' title='bbox 756 1944 869 2017; x_wconf 77' lang='lat' dir='ltr'>animi,</span> <span class='ocrx_word' id='word_1_54' title='bbox 888 1945 946 2007; x_wconf 79' lang='lat' dir='ltr'>boc</span> 
     </span>
     <span class='ocr_line' id='line_1_9' title="bbox 268 2022 945 2107; baseline -0.003 -21"><span class='ocrx_word' id='word_1_55' title='bbox 268 2022 326 2086; x_wconf 75' lang='lat' dir='ltr'>eu·</span> <span class='ocrx_word' id='word_1_56' title='bbox 364 2028 426 2086; x_wconf 87' lang='lat' dir='ltr'>enii</span> <span class='ocrx_word' id='word_1_57' title='bbox 447 2031 511 2099; x_wconf 88' lang='lat' dir='ltr'>tui,</span> <span class='ocrx_word' id='word_1_58' title='bbox 532 2028 589 2087; x_wconf 87' lang='lat' dir='ltr'>hoc</span> <span class='ocrx_word' id='word_1_59' title='bbox 609 2023 671 2101; x_wconf 74' lang='lat' dir='ltr'>eius</span> <span class='ocrx_word' id='word_1_60' title='bbox 693 2025 773 2107; x_wconf 84' lang='lat' dir='ltr'>spei,</span> <span class='ocrx_word' id='word_1_61' title='bbox 793 2044 881 2105; x_wconf 85' lang='lat' dir='ltr'>quam</span> <span class='ocrx_word' id='word_1_62' title='bbox 892 2025 945 2084; x_wconf 79' lang='lat' dir='ltr'>ha·</span> 
     </span>
     <span class='ocr_line' id='line_1_10' title="bbox 268 2103 944 2187; baseline -0.001 -20"><span class='ocrx_word' id='word_1_63' title='bbox 268 2103 327 2167; x_wconf 82' lang='lat' dir='ltr'>bere</span> <span class='ocrx_word' id='word_1_64' title='bbox 384 2107 466 2179; x_wconf 85' lang='lat' dir='ltr'>bes,</span> <span class='ocrx_word' id='word_1_65' title='bbox 486 2103 694 2187; x_wconf 68' lang='lat' dir='ltr'>amplificanda</span> <span class='ocrx_word' id='word_1_66' title='bbox 710 2107 858 2187; x_wconf 80' lang='lat' dir='ltr'>dignitatis</span> <span class='ocrx_word' id='word_1_67' title='bbox 876 2123 944 2167; x_wconf 78' lang='lat' dir='ltr'>tuae.</span> 
     </span>
     <span class='ocr_line' id='line_1_11' title="bbox 268 2183 942 2267; baseline 0.001 -20"><span class='ocrx_word' id='word_1_68' title='bbox 268 2183 318 2247; x_wconf 85' lang='lat' dir='ltr'>Sed</span> <span class='ocrx_word' id='word_1_69' title='bbox 333 2187 385 2247; x_wconf 81' lang='lat' dir='ltr'>hac</span> <span class='ocrx_word' id='word_1_70' title='bbox 402 2187 442 2248; x_wconf 89' lang='lat' dir='ltr'>de</span> <span class='ocrx_word' id='word_1_71' title='bbox 460 2206 492 2248; x_wconf 88' lang='lat' dir='ltr'>re</span> <span class='ocrx_word' id='word_1_72' title='bbox 510 2186 578 2246; x_wconf 79' lang='lat' dir='ltr'>aliis</span> <span class='ocrx_word' id='word_1_73' title='bbox 591 2187 628 2245; x_wconf 85' lang='lat' dir='ltr'>ad</span> <span class='ocrx_word' id='word_1_74' title='bbox 645 2206 674 2246; x_wconf 85' lang='lat' dir='ltr'>te</span> <span class='ocrx_word' id='word_1_75' title='bbox 687 2186 833 2267; x_wconf 81' lang='lat' dir='ltr'>pluribus:</span> <span class='ocrx_word' id='word_1_76' title='bbox 850 2205 942 2267; x_wconf 83' lang='lat' dir='ltr'>quum</span> 
     </span>
     <span class='ocr_line' id='line_1_12' title="bbox 268 2264 944 2347; baseline 0.003 -20"><span class='ocrx_word' id='word_1_77' title='bbox 268 2269 337 2327; x_wconf 81' lang='lat' dir='ltr'>euim</span> <span class='ocrx_word' id='word_1_78' title='bbox 363 2268 428 2327; x_wconf 87' lang='lat' dir='ltr'>haec</span> <span class='ocrx_word' id='word_1_79' title='bbox 460 2267 646 2339; x_wconf 60' lang='lat' dir='ltr'>scribebam,</span> <span class='ocrx_word' id='word_1_80' title='bbox 676 2270 706 2326; x_wconf 87' lang='lat' dir='ltr'>in</span> <span class='ocrx_word' id='word_1_81' title='bbox 729 2264 944 2347; x_wconf 67' lang='lat' dir='ltr'>exspeiiatione</span> 
     </span>
     <span class='ocr_line' id='line_1_13' title="bbox 269 2347 943 2430; baseline -0.003 -21"><span class='ocrx_word' id='word_1_82' title='bbox 269 2365 338 2409; x_wconf 75' lang='lat' dir='ltr'>mi</span> <span class='ocrx_word' id='word_1_83' title='bbox 356 2351 458 2409; x_wconf 77' lang='lat' dir='ltr'>omnia</span> <span class='ocrx_word' id='word_1_84' title='bbox 479 2369 488 2408; x_wconf 72' lang='grc' dir='ltr'><strong><em>ε</em></strong></span> <span class='ocrx_word' id='word_1_85' title='bbox 514 2348 646 2409; x_wconf 85' lang='lat' dir='ltr'>nondum</span> <span class='ocrx_word' id='word_1_86' title='bbox 667 2347 754 2430; x_wconf 79' lang='lat' dir='ltr'>legati</span> <span class='ocrx_word' id='word_1_87' title='bbox 772 2348 943 2424; x_wconf 85' lang='lat' dir='ltr'>redierant,</span> 
     </span>
     <span class='ocr_line' id='line_1_14' title="bbox 272 2428 943 2569; baseline -0.003 -79"><span class='ocrx_word' id='word_1_88' title='bbox 272 2447 333 2569; x_wconf 57' lang='lat' dir='ltr'>mi</span> <span class='ocrx_word' id='word_1_89' title='bbox 361 2428 478 2495; x_wconf 78' lang='lat' dir='ltr'>senatus</span> <span class='ocrx_word' id='word_1_90' title='bbox 507 2450 568 2488; x_wconf 84' lang='lat' dir='ltr'>non</span> <span class='ocrx_word' id='word_1_91' title='bbox 591 2428 630 2489; x_wconf 80' lang='lat' dir='ltr'>ad</span> <span class='ocrx_word' id='word_1_92' title='bbox 653 2449 755 2508; x_wconf 84' lang='lat' dir='ltr'>pacem</span> <span class='ocrx_word' id='word_1_93' title='bbox 776 2429 943 2507; x_wconf 84' lang='lat' dir='ltr'>deprecan-</span> 
     </span>
     <span class='ocr_line' id='line_1_15' title="bbox 341 2508 944 2583; baseline -0.007 -12"><span class='ocrx_word' id='word_1_94' title='bbox 341 2554 352 2583; x_wconf 89' lang='lat'>,</span> <span class='ocrx_word' id='word_1_95' title='bbox 377 2510 429 2571; x_wconf 86' lang='lat' dir='ltr'>sed</span> <span class='ocrx_word' id='word_1_96' title='bbox 450 2509 489 2569; x_wconf 83' lang='lat' dir='ltr'>ad</span> <span class='ocrx_word' id='word_1_97' title='bbox 508 2509 732 2570; x_wconf 80' lang='lat' dir='ltr'>denuntiandum</span> <span class='ocrx_word' id='word_1_98' title='bbox 754 2508 865 2570; x_wconf 87' lang='lat' dir='ltr'>bellum</span> <span class='ocrx_word' id='word_1_99' title='bbox 885 2511 944 2568; x_wconf 87' lang='lat' dir='ltr'>mi-</span> 
     </span>
     <span class='ocr_line' id='line_1_16' title="bbox 270 2585 944 2673; baseline -0.001 -21"><span class='ocrx_word' id='word_1_100' title='bbox 270 2585 356 2666; x_wconf 78' lang='lat' dir='ltr'>serit,</span> <span class='ocrx_word' id='word_1_101' title='bbox 384 2590 442 2651; x_wconf 77' lang='lat' dir='ltr'>uisi</span> <span class='ocrx_word' id='word_1_102' title='bbox 470 2590 633 2673; x_wconf 82' lang='lat' dir='ltr'>legatorum</span> <span class='ocrx_word' id='word_1_103' title='bbox 662 2591 765 2650; x_wconf 84' lang='lat' dir='ltr'>nuntio</span> <span class='ocrx_word' id='word_1_104' title='bbox 798 2586 944 2669; x_wconf 77' lang='lat' dir='ltr'>paruiffet.</span> 
     </span>
     <span class='ocr_line' id='line_1_17' title="bbox 269 2664 944 2752; baseline -0.006 -21"><span class='ocrx_word' id='word_1_105' title='bbox 269 2664 323 2752; x_wconf 79' lang='lat' dir='ltr'>Ego</span> <span class='ocrx_word' id='word_1_106' title='bbox 339 2688 459 2744; x_wconf 78' lang='lat' dir='ltr'>tamen,</span> <span class='ocrx_word' id='word_1_107' title='bbox 477 2689 510 2732; x_wconf 93' lang='lat' dir='ltr'>ut</span> <span class='ocrx_word' id='word_1_108' title='bbox 526 2671 652 2751; x_wconf 81' lang='lat' dir='ltr'>primum</span> <span class='ocrx_word' id='word_1_109' title='bbox 671 2671 788 2729; x_wconf 79' lang='lat' dir='ltr'>occasio</span> <span class='ocrx_word' id='word_1_110' title='bbox 800 2669 867 2728; x_wconf 84' lang='lat' dir='ltr'>data</span> <span class='ocrx_word' id='word_1_111' title='bbox 883 2667 944 2745; x_wconf 75' lang='lat' dir='ltr'>est,</span> 
     </span>
     <span class='ocr_line' id='line_1_18' title="bbox 270 2747 945 2832; baseline 0.003 -24"><span class='ocrx_word' id='word_1_112' title='bbox 270 2768 332 2812; x_wconf 81' lang='lat' dir='ltr'>meo</span> <span class='ocrx_word' id='word_1_113' title='bbox 346 2751 464 2832; x_wconf 81' lang='lat' dir='ltr'>pristino</span> <span class='ocrx_word' id='word_1_114' title='bbox 480 2770 563 2812; x_wconf 86' lang='lat' dir='ltr'>more</span> <span class='ocrx_word' id='word_1_115' title='bbox 581 2751 791 2830; x_wconf 82' lang='lat' dir='ltr'>rempublicam</span> <span class='ocrx_word' id='word_1_116' title='bbox 806 2747 945 2810; x_wconf 72' lang='lat' dir='ltr'>defendit</span> 
     </span>
     <span class='ocr_line' id='line_1_19' title="bbox 273 2828 943 2912; baseline -0.001 -21"><span class='ocrx_word' id='word_1_117' title='bbox 273 2848 316 2891; x_wconf 79' lang='lat' dir='ltr'>me</span> <span class='ocrx_word' id='word_1_118' title='bbox 346 2835 430 2912; x_wconf 84' lang='lat' dir='ltr'>princi</span> <span class='ocrx_word' id='word_1_119' title='bbox 474 2853 504 2891; x_wconf 89' lang='lat' dir='ltr'>m</span> <span class='ocrx_word' id='word_1_120' title='bbox 539 2831 649 2893; x_wconf 78' lang='lat' dir='ltr'>senatui</span> <span class='ocrx_word' id='word_1_121' title='bbox 677 2831 845 2911; x_wconf 85' lang='lat' dir='ltr'>populoque</span> <span class='ocrx_word' id='word_1_122' title='bbox 871 2828 943 2890; x_wconf 88' lang='lat' dir='ltr'>Ro·</span> 
     </span>
     <span class='ocr_line' id='line_1_20' title="bbox 274 2909 943 2992; baseline 0.003 -22"><span class='ocrx_word' id='word_1_123' title='bbox 274 2928 353 2970; x_wconf 81' lang='lat' dir='ltr'>mano</span> <span class='ocrx_word' id='word_1_124' title='bbox 370 2911 510 2992; x_wconf 73' lang='lat' dir='ltr'>proesius</span> <span class='ocrx_word' id='word_1_125' title='bbox 529 2911 615 2985; x_wconf 77' lang='lat' dir='ltr'>sum3</span> <span class='ocrx_word' id='word_1_126' title='bbox 635 2931 715 2986; x_wconf 88' lang='lat' dir='ltr'>nec,</span> <span class='ocrx_word' id='word_1_127' title='bbox 732 2909 830 2992; x_wconf 78' lang='lat' dir='ltr'>postea</span> <span class='ocrx_word' id='word_1_128' title='bbox 852 2911 943 2992; x_wconf 71' lang='lat' dir='ltr'>quim</span> 
     </span>
     <span class='ocr_line' id='line_1_21' title="bbox 268 2987 943 3072; baseline 0.003 -22"><span class='ocrx_word' id='word_1_129' title='bbox 268 2987 365 3072; x_wconf 80' lang='lat' dir='ltr'>suscepi</span> <span class='ocrx_word' id='word_1_130' title='bbox 383 2993 497 3054; x_wconf 83' lang='lat' dir='ltr'>causam</span> <span class='ocrx_word' id='word_1_131' title='bbox 520 2993 680 3066; x_wconf 83' lang='lat' dir='ltr'>libertatis,</span> <span class='ocrx_word' id='word_1_132' title='bbox 699 2995 850 3054; x_wconf 86' lang='lat' dir='ltr'>minimum</span> <span class='ocrx_word' id='word_1_133' title='bbox 868 3010 943 3053; x_wconf 84' lang='lat' dir='ltr'>tem·</span> 
     </span>
     <span class='ocr_line' id='line_1_22' title="bbox 265 3073 942 3217; baseline 0.006 -86"><span class='ocrx_word' id='word_1_134' title='bbox 265 3076 427 3213; x_wconf 46' lang='lat' dir='ltr'>pammisi</span> <span class='ocrx_word' id='word_1_135' title='bbox 448 3073 565 3215; x_wconf 52' lang='lat' dir='ltr'>tpepld:</span> <span class='ocrx_word' id='word_1_136' title='bbox 592 3073 716 3148; x_wconf 83' lang='lat' dir='ltr'>salutis,</span> <span class='ocrx_word' id='word_1_137' title='bbox 745 3073 942 3217; x_wconf 59' lang='lat' dir='ltr'>libertatisqalpi:</span> 
     </span>
     <span class='ocr_line' id='line_1_23' title="bbox 352 3173 856 3216; baseline 0.006 -3"><span class='ocrx_word' id='word_1_138' title='bbox 352 3175 430 3215; x_wconf 80' lang='lat' dir='ltr'>unis.</span> <span class='ocrx_word' id='word_1_139' title='bbox 483 3174 501 3216; x_wconf 87' lang='lat' dir='ltr'>e</span> <span class='ocrx_word' id='word_1_140' title='bbox 562 3173 603 3214; x_wconf 85' lang='lat' dir='ltr'>aec</span> <span class='ocrx_word' id='word_1_141' title='bbox 645 3176 683 3215; x_wconf 93' lang='lat' dir='ltr'>uo</span> <span class='ocrx_word' id='word_1_142' title='bbox 723 3173 791 3215; x_wconf 88' lang='lat' dir='ltr'>ete</span> <span class='ocrx_word' id='word_1_143' title='bbox 818 3175 856 3216; x_wconf 87' lang='lat' dir='ltr'>ex</span> 
     </span>
     <span class='ocr_line' id='line_1_24' title="bbox 264 3175 942 3307; baseline 0 -14"><span class='ocrx_word' id='word_1_144' title='bbox 264 3234 344 3294; x_wconf 72' lang='lat' dir='ltr'>meio.</span> <span class='ocrx_word' id='word_1_145' title='bbox 381 3232 423 3294; x_wconf 89' lang='lat' dir='ltr'>T.</span> <span class='ocrx_word' id='word_1_146' title='bbox 463 3175 645 3307; x_wconf 45' lang='lat' dir='ltr'>Pinarium}</span> <span class='ocrx_word' id='word_1_147' title='bbox 745 3234 942 3294; x_wconf 85' lang='lat' dir='ltr'>ilian&#39;ssimum</span> 
     </span>
     <span class='ocr_line' id='line_1_25' title="bbox 263 3313 942 3387; baseline 0 -15"><span class='ocrx_word' id='word_1_148' title='bbox 263 3331 377 3386; x_wconf 83' lang='lat' dir='ltr'>meum,</span> <span class='ocrx_word' id='word_1_149' title='bbox 400 3330 484 3375; x_wconf 82' lang='lat' dir='ltr'>tamo</span> <span class='ocrx_word' id='word_1_150' title='bbox 503 3316 556 3374; x_wconf 85' lang='lat' dir='ltr'>tibi</span> <span class='ocrx_word' id='word_1_151' title='bbox 576 3313 669 3376; x_wconf 86' lang='lat' dir='ltr'>studio</span> <span class='ocrx_word' id='word_1_152' title='bbox 693 3313 893 3387; x_wconf 87' lang='lat' dir='ltr'>commendo,</span> <span class='ocrx_word' id='word_1_153' title='bbox 906 3327 942 3373; x_wconf 87' lang='lat' dir='ltr'>ut</span> 
     </span>
     <span class='ocr_line' id='line_1_26' title="bbox 263 3391 943 3478; baseline 0.003 -26"><span class='ocrx_word' id='word_1_154' title='bbox 263 3391 366 3471; x_wconf 76' lang='lat' dir='ltr'>miore</span> <span class='ocrx_word' id='word_1_155' title='bbox 387 3414 451 3454; x_wconf 82' lang='lat' dir='ltr'>uon</span> <span class='ocrx_word' id='word_1_156' title='bbox 481 3397 614 3476; x_wconf 64' lang='lat' dir='ltr'>pessima</span> <span class='ocrx_word' id='word_1_157' title='bbox 636 3399 682 3456; x_wconf 84' lang='lat' dir='ltr'>cui</span> <span class='ocrx_word' id='word_1_158' title='bbox 708 3416 797 3478; x_wconf 87' lang='lat' dir='ltr'>quum</span> <span class='ocrx_word' id='word_1_159' title='bbox 817 3410 943 3476; x_wconf 80' lang='lat' dir='ltr'>propter</span> 
     </span>
     <span class='ocr_line' id='line_1_27' title="bbox 265 3471 939 3559; baseline -0.003 -24"><span class='ocrx_word' id='word_1_160' title='bbox 265 3491 358 3535; x_wconf 75' lang='lat' dir='ltr'>onnes</span> <span class='ocrx_word' id='word_1_161' title='bbox 374 3477 528 3551; x_wconf 79' lang='lat' dir='ltr'>virtutes,</span> <span class='ocrx_word' id='word_1_162' title='bbox 550 3493 613 3537; x_wconf 88' lang='lat' dir='ltr'>tum</span> <span class='ocrx_word' id='word_1_163' title='bbox 631 3479 721 3538; x_wconf 83' lang='lat' dir='ltr'>etiam</span> <span class='ocrx_word' id='word_1_164' title='bbox 741 3492 861 3559; x_wconf 81' lang='lat' dir='ltr'>propter</span> <span class='ocrx_word' id='word_1_165' title='bbox 880 3471 939 3533; x_wconf 87' lang='lat' dir='ltr'>stu·</span> 
     </span>
     <span class='ocr_line' id='line_1_28' title="bbox 262 3550 940 3634; baseline -0.001 -21"><span class='ocrx_word' id='word_1_166' title='bbox 262 3550 308 3613; x_wconf 73' lang='lat' dir='ltr'>din</span> <span class='ocrx_word' id='word_1_167' title='bbox 323 3558 510 3632; x_wconf 80' lang='lat' dir='ltr'>eommunia,</span> <span class='ocrx_word' id='word_1_168' title='bbox 527 3556 587 3618; x_wconf 89' lang='lat' dir='ltr'>sum</span> <span class='ocrx_word' id='word_1_169' title='bbox 607 3560 806 3618; x_wconf 77' lang='lat' dir='ltr'>amiciss²mus.</span> <span class='ocrx_word' id='word_1_170' title='bbox 823 3553 851 3615; x_wconf 84' lang='lat' dir='ltr'>ls</span> <span class='ocrx_word' id='word_1_171' title='bbox 871 3574 940 3634; x_wconf 87' lang='lat' dir='ltr'>pro·</span> 
     </span>
     <span class='ocr_line' id='line_1_29' title="bbox 259 3632 939 3724; baseline 0 -28"><span class='ocrx_word' id='word_1_172' title='bbox 259 3651 337 3696; x_wconf 74' lang='lat' dir='ltr'>emt</span> <span class='ocrx_word' id='word_1_173' title='bbox 359 3640 490 3698; x_wconf 83' lang='lat' dir='ltr'>rationes</span> <span class='ocrx_word' id='word_1_174' title='bbox 512 3641 690 3724; x_wconf 76' lang='lat' dir='ltr'>negotiaque</span> <span class='ocrx_word' id='word_1_175' title='bbox 708 3637 850 3718; x_wconf 85' lang='lat' dir='ltr'>Dionysii</span> <span class='ocrx_word' id='word_1_176' title='bbox 865 3632 939 3696; x_wconf 86' lang='lat' dir='ltr'>nos·</span> 
     </span>
     <span class='ocr_line' id='line_1_30' title="bbox 258 3716 855 3799; baseline 0.01 -25"><span class='ocrx_word' id='word_1_177' title='bbox 258 3718 313 3792; x_wconf 79' lang='lat' dir='ltr'>ui,</span> <span class='ocrx_word' id='word_1_178' title='bbox 333 3737 424 3799; x_wconf 87' lang='lat' dir='ltr'>quem</span> <span class='ocrx_word' id='word_1_179' title='bbox 449 3718 538 3780; x_wconf 85' lang='lat' dir='ltr'>&amp;tu</span> <span class='ocrx_word' id='word_1_180' title='bbox 562 3721 685 3781; x_wconf 86' lang='lat' dir='ltr'>multum</span> <span class='ocrx_word' id='word_1_181' title='bbox 707 3740 805 3794; x_wconf 79' lang='lat' dir='ltr'>amas,</span> <span class='ocrx_word' id='word_1_182' title='bbox 824 3716 855 3780; x_wconf 72' lang='grc' dir='ltr'>ὰ</span> 
     </span>
     <span class='ocr_line' id='line_1_31' title="bbox 258 3798 937 3884; baseline 0.013 -24"><span class='ocrx_word' id='word_1_183' title='bbox 258 3800 390 3862; x_wconf 73' lang='lat' dir='ltr'>mium</span> <span class='ocrx_word' id='word_1_184' title='bbox 410 3800 580 3883; x_wconf 71' lang='lat' dir='ltr'>plurimum.</span> <span class='ocrx_word' id='word_1_185' title='bbox 601 3800 647 3864; x_wconf 76' lang='lat' dir='ltr'>Ea</span> <span class='ocrx_word' id='word_1_186' title='bbox 666 3798 718 3863; x_wconf 80' lang='lat' dir='ltr'>tibi</span> <span class='ocrx_word' id='word_1_187' title='bbox 735 3820 793 3884; x_wconf 79' lang='lat' dir='ltr'>ego</span> <span class='ocrx_word' id='word_1_188' title='bbox 813 3821 878 3869; x_wconf 71' lang='lat' dir='ltr'>nou</span> <span class='ocrx_word' id='word_1_189' title='bbox 935 3864 937 3871; x_wconf 78' lang='grc'>,</span> 
     </span>
    </p>
   </div>
   <div class='ocr_carea' id='block_1_4' title="bbox 0 0 1210 5492">
    <p class='ocr_par' dir='ltr' id='par_1_4' title="bbox 0 0 1210 5492">
     <span class='ocr_line' id='line_1_32' title="bbox 0 0 1210 5492; baseline 0 1"><span class='ocrx_word' id='word_1_190' title='bbox 0 0 1210 5492; x_wconf 95' lang='lat' dir='ltr'> </span> 
     </span>
    </p>
   </div>
  </div>
 </body>
</html>
