2409 5492
324 1238 941 1343 AnFaurrrirn.Lrs.XlII.105
1036 1330 1040 1337 ,

257 1358 301 1429 sbi
327 1378 383 1423 tuo
409 1359 522 1423 summo
545 1357 696 1421 beneficio
715 1360 941 1458 inperpetuum

907 1461 938 1506 ra

884 1546 938 1585 ua·

258 1443 376 1526 obligari
391 1444 479 1505 velis.
494 1441 648 1517 Sed-hec,
663 1460 726 1522 quae
740 1439 822 1523 suprd
833 1441 885 1503 scrr

259 1522 341 1599 sunt,
374 1525 416 1584 ei>
434 1522 583 1604 spedant,
606 1537 638 1582 ut
657 1539 687 1582 te
707 1521 805 1583 horter
825 1464 906 1585 &sp

258 1604 343 1666 deam.
377 1604 509 1686 Reliqua·
533 1601 624 1675 sunt,
653 1622 717 1683 quae
756 1605 881 1666 ertinent
897 1605 939 1667 ad

257 1685 439 1781 rogapdnm‘3
462 1701 574 1744 utnon
591 1681 685 1743 solum
707 1625 756 1744 rud
779 1684 865 1780 causi
882 1687 937 1746 tibi

257 1763 937 1927 usurusuuuszlsus

261 1944 363 2010 rogare,
382 1923 596 1986 Gratissimum
612 1926 699 2006 igitur
716 1925 788 1984 milri
807 1924 939 2002 feceris,¹

258 2009 279 2066 si
303 2007 515 2068 Volaterranos
535 2005 671 2065 omnibus
696 2007 781 2066 rebus
807 2008 939 2091 integros

255 2087 469 2169 iacolumesque
497 2082 554 2146 elle
576 2086 714 2146 volueris.
743 2085 854 2148 Eorum
877 2108 950 2170 ego·

256 2168 420 2242 domicilia,
445 2166 547 2240 sedes,
564 2186 646 2240 rem,
662 2164 812 2243 fortunas,
827 2188 892 2250 quae
904 2169 938 2230 δι

256 2249 330 2309 adiis
342 2248 576 2319 immortalibus,
591 2247 622 2306 &
632 2270 650 2307 a
661 2245 894 2329 praestantissimis
907 2252 939 2311 in

256 2327 347 2390 nostra
368 2330 522 2411 republica
539 2329 678 2403 civibus,
694 2327 806 2391 summo
824 2328 939 2392 senatur

295 2411 418 2492 pulique
449 2409 578 2470 Romani
605 2407 728 2485 studio,
760 2409 938 2472 conseruate

275 2510 335 2566 lut,
347 2508 407 2552 tuae
421 2489 492 2551 fidei
498 2532 513 2564 ‚-
521 2487 647 2569 justitiae,
662 2490 844 2572 bonitatique
857 2512 940 2552 com-

262 2572 377 2633 mendo.
403 2571 437 2632 Si
459 2592 514 2651 pro
536 2574 609 2631 meis
630 2570 758 2651 pristinis
774 2574 877 2652 opibus
895 2571 942 2633 fa·

260 2653 394 2714 cultatem
410 2652 484 2712 mihi
503 2671 548 2712 res
562 2651 626 2711 lroc'·
637 2670 776 2731 tempore
793 2653 892 2725 daret,
909 2670 943 2713 ut

262 2735 301 2792 ita
311 2733 473 2794 defendere
483 2729 592 2812 pollem
600 2731 830 2808 Volaterranos,
842 2752 946 2814 quem»

265 2813 418 2875 admodum
440 2813 577 2874 consuevi
595 2815 670 2873 tueri
692 2832 774 2874 meos
795 2834 805 2886 ;
831 2815 945 2876 nullunt

269 2891 409 2970 officium,
429 2896 542 2954 nullum
572 2894 701 2973 denique
723 2913 888 2970 certamen,
911 2899 944 2956 in

264 2994 323 3055 quo
348 2976 400 3035 illis
428 2971 561 3058 prodesse
584 2971 720 3055 pellem,
740 2981 947 3057 praetermitte-

263 3075 335 3117 rem.
365 3054 424 3117 Sed
443 3055 561 3136 quando
584 3055 662 3136 apud
682 3076 711 3117 te
732 3058 822 3117 nihilo
846 3060 946 3132 minus

264 3136 319 3197 hoc
338 3153 475 3218 tempore
495 3136 593 3197 valere
615 3156 663 3196 me
686 3136 803 3198 confido
825 3182 834 3211 ‚
856 3139 945 3218 quim

258 3218 407 3278 *valuerim
417 3217 531 3297 semper
546 3217 629 3296 apud·
641 3239 743 3278 omnes
755 3239 764 3290 3
783 3240 836 3299 pro
848 3216 946 3278 nostra

264 3297 374 3358 summa
397 3298 636 3371 necessitudine,
662 3302 782 3380 parique
800 3300 945 3359 internos

263 3378 295 3438 δι
313 3379 416 3439 mutua
439 3379 647 3440 benevolentis
667 3380 764 3440 abste
788 3397 887 3460 peto,
913 3395 947 3439 ut

264 3461 304 3520 ita
329 3459 366 3520 de
395 3459 593 3521 Volaterranis
617 3479 770 3533 mereare,
796 3478 829 3520 ut
853 3457 948 3519 existi·

263 3558 370 3614 ment,
392 3558 459 3600 eum
476 3544 557 3623 quasi
575 3541 675 3602 divino
695 3541 819 3601 consilio
833 3537 874 3599 isti
894 3560 948 3601 ne·

258 3622 349 3703 ¹gotio
364 3625 555 3701 prepositum
572 3619 649 3693 esse,
663 3622 741 3702 apud
757 3641 844 3700 quem
857 3641 951 3681 unum:

264 3721 346 3775 uos,
371 3721 476 3762 eorum
493 3705 628 3845 peplpetui
647 3700 811 3763 defensores
824 3747 840 3777 ‚.
855 3704 954 3785 plurirr

266 3784 473 3851 mismvalere
487 3807 529 3868 po
551 3805 651 3848 umus*
664 3782 756 3846 Vale.-
790 3861 819 3928 Ε

831 3885 855 3931 v
