2409 5492
317 1225 390 1297 180
463 1222 845 1292 Emiounvri

334 1369 379 1430 M.
388 1367 426 1429 T.
437 1366 474 1429 C.
488 1368 531 1447 Q.
544 1367 718 1441 Pmrtaro,
729 1358 879 1427 Puoco'si.
894 1358 984 1427 SED?

316 1503 441 1554 van
452 1519 481 1551 ex
492 1501 617 1567 provincia
627 1498 745 1565 reretriffe
756 1503 907 1567 gratulatur:
916 1499 1004 1567 Ege&

352 1576 382 1624 tii
398 1577 419 1624 C*
434 1573 507 1642 Oppii
523 1574 593 1621 causei
607 1574 696 1640 gratias
714 1573 782 1639 agiu
799 1572 860 1621 oue
871 1570 1001 1639 Antipatri

348 1648 416 1717 filios
432 1646 476 1695 sibi
492 1648 623 1699 condonet,
636 1660 711 1712 roget.
727 1646 799 1693 Auno
816 1647 923 1697 incestu.
938 1642 1001 1693 Haec

319 1784 323 1797 Ι
339 1719 452 1789 tristata
462 1719 555 1771 uidetur
560 1718 614 1785 post
621 1715 753 1789 finientem
760 1715 832 1784 fuiffe
844 1717 1001 1769 collocando·

320 1852 323 1861 .
388 1828 442 1875 ῃ
515 1862 517 1867 ,
864 1864 867 1871 ,
996 1856 1000 1861 .

319 1916 370 1979 73.
384 1878 653 1959 U'ttncutott
673 1898 746 1971 tibi,
762 1896 841 1977 quod
863 1916 902 1957 ex
922 1916 1000 1977 pro·

319 1982 415 2040 vincia
434 1979 541 2040 saltum
560 1995 588 2038 te
607 1979 644 2037 ad
662 1994 728 2037 tuos
747 1974 900 2055 recepisti,
915 1978 1000 2037 inci>-¹

320 2061 392 2119 lumi
411 2058 505 2131 santi,
520 2059 550 2117 &
566 2058 722 2136 republica.
742 2057 837 2134 Quod
854 2060 879 2116 si
893 2055 999 2116 Roma

319 2137 451 2211 fuissem,
475 2156 504 2198 te
533 2136 683 2210 vidissem,
708 2138 863 2217 cora‘tmque
896 2140 998 2218 gratias

321 2218 458 2299 egitiem‚
476 2218 554 2299 quod
576 2219 627 2277 ribi
650 2217 683 2276 1..
698 2216 723 2275 E
743 2220 855 2289 narius,
871 2216 1000 2277 familia·

320 2302 447 2357 tissimus
473 2320 575 2370 meus,
594 2297 713 2370 absens,
724 2238 767 2357 pi..
780 2296 898 2377 Oppius
941 2320 1000 2358 rae·

322 2377 403 2452 sens,
421 2398 494 2437 curae
517 2375 618 2439 suisset.
644 2376 722 2437 Cum
743 2380 812 2437 Anti
834 2395 901 2437 atro
953 2398 1000 2439 er·

321 2458 388 2521 bete
411 2460 481 2518 mihi
505 2478 564 2520 non
588 2459 680 2519 solum
701 2458 1000 2539 hospitium3veri1m

322 2544 410 2603 etiam
428 2540 535 2599 summa
554 2539 724 2599 familiaritas
742 2540 905 2601 intercedit.
919 2537 955 2599 Ei
969 2557 1000 2601 te

320 2624 514 2683 'vehementer
537 2618 717 2681 succensuisse
741 2620 857 2693 audivi,
876 2621 909 2680 δι
929 2640 1000 2683 mo·

324 2702 391 2764 leste
411 2704 472 2763 tuli.
503 2702 554 2762 De
573 2723 604 2761 re
626 2700 696 2760 nihil
718 2699 831 2780 possum
852 2698 999 2780 judicare,

323 2785 378 2842 nisi
397 2783 466 2842 illud
485 2783 553 2840 mihi
572 2782 649 2841 certe
666 2782 839 2860 persuadeo,
851 2798 898 2854 te,
911 2783 1002 2843 taioni

324 2866 435 2933 virum,
449 2863 517 2920 nihil
538 2864 646 2920 temere
667 2860 770 2921 recisse.
791 2862 819 2921 Α
838 2880 866 2922 te
886 2882 1000 2938 autem,

323 2963 378 3021 pro
395 2958 493 3001 vetere
510 2940 604 2999 nostra
620 2943 845 3015 necessitudine,
858 2946 946 3002 etiam
963 2964 1002 3004 at·

325 3042 381 3101 que
402 3022 487 3080 etiam
506 3040 593 3100 peto,
607 3040 639 3081 ut
654 3020 716 3099 ejus
733 3022 825 3095 filios,
839 3027 888 3103 qui
906 3028 936 3082 in
951 3038 1000 3083 tua

324 3098 460 3180 potestate
474 3100 550 3171 sunt,
565 3103 634 3161 mihi
646 3104 825 3183 potissimum
833 3104 1002 3179 condones,

320 3184 378 3241 nisi
404 3182 473 3263 quid
496 3181 635 3244 existimas
658 3187 689 3241 in·
707 3204 741 3243 ea
759 3204 790 3242 re
809 3185 914 3243 violari
931 3183 1003 3245 entis²

323 3264 502 3324 rimationem
525 3282 611 3323 ruam.
633 3264 725 3343 Quod
749 3284 805 3345 ego
829 3267 853 3323 si
877 3266 1001 3325 arbitra·

325 3365 391 3416 rer,
410 3364 566 3424 numquam
585 3364 617 3404 te
629 3360 789 3425 ¹rogarem
807 3345 936 3424 mihique
953 3362 1002 3407 tua

325 3423 401 3482 sama
432 3425 523 3482 multo
547 3428 690 3503 antiquior
718 3422 811 3497 esset,
839 3426 929 3505 'qtt'itm
953 3426 1004 3487 illa

323 3504 504 3565 necessitudo
527 3504 575 3563 est.
603 3503 662 3564 Sed
685 3505 754 3563 mihi
779 3509 817 3563 ita
841 3504 1004 3584 persuadeo

324 3584 447 3664 (potest
470 3584 531 3645 fieri
557 3596 591 3644 ut'
606 3584 695 3644 'fallar
706 3584 726 3664 )
752 3604 816 3645 eam
833 3598 903 3645 'tem
923 3586 1005 3647 laudi

323 3667 374 3724 tibi
388 3668 499 3745 potiits,
511 3665 598 3747 quim
610 3670 672 3725 vitu
694 3668 815 3726 erationi
828 3665 902 3726 sore.
913 3666 1005 3744 Quid

324 3743 385 3805 fieri
410 3748 527 3831 possit,
557 3747 588 3809 ὃ(
615 3687 692 3828 quid
708 3747 774 3809 med
799 3747 882 3810 causi
905 3746 1008 3811 fucere
