2409 5492
410 1229 484 1283 Aa>
522 1212 773 1284 Burrum.
853 1230 932 1305 449

251 1326 372 1411 quidem
398 1329 526 1387 animum
555 1330 585 1387 in
613 1331 704 1390 aciem
730 1328 810 1405 elle,
840 1330 935 1409 neque¹

250 1407 412 1491 respefium
429 1407 519 1467 ullum
536 1429 684 1488 quaerere,
699 1413 753 1471 nisi
770 1431 817 1471 me
831 1411 937 1471 utilitas

251 1491 376 1551 civitatis
396 1486 470 1548 forte
490 1493 682 1569 converrerit:
697 1488 822 1569 majores
840 1508 938 1550 aurem

316 1588 348 1630 es
374 1569 462 1627 animi
480 1586 510 1627 re
529 1612 538 1640 ‚
560 1567 753 1651 Cassiumque
773 1570 938 1653 respiciunt.

249 1586 459 1729 ffimobrem
473 1649 512 1707 ita
527 1666 556 1708 te
572 1671 660 1730 para,
679 1648 787 1725 Brute,
802 1666 833 1710 ut
849 1651 935 1711 intel-

248 1730 323 1825 ligas
337 1773 348 1802 ,
363 1745 430 1800 aur,
443 1728 466 1785 si
483 1728 539 1787 hoc
555 1747 689 1809 tempore
703 1730 779 1791 bene
799 1750 844 1791 res
859 1730 938 1813 gella

251 1828 313 1882 art,
336 1808 390 1867 ribi
413 1807 565 1868 meliorem
589 1812 796 1889 rempublicam
815 1808 871 1871 elle
889 1809 937 1869 fa-

246 1889 412 1960 ciendam3
432 1906 502 1960 aut,
521 1893 544 1947 si
563 1889 633 1969 quid
653 1888 794 1951 offensum
815 1894 870 1965 sit,
885 1911 938 1971 per

249 1984 281 2031 te
298 1968 356 2031 effe
374 1968 509 2029 eamdem
529 1972 766 2051 recuperandam.
787 1970 876 2033 Vale.

375 2095 548 2159 C1cauo
589 2098 744 2163 Buuro
785 2098 816 2164 S.

250 2230 301 2287 D!
321 2230 410 2285 Planci
427 2232 519 2301 egregio
538 2233 562 2280 in
585 2228 659 2301 remp.
679 2202 776 2291 auimo,
794 2233 819 2283 6·
838 2235 867 2289 dc
885 2230 935 2303 suis

246 2322 249 2327 ·
288 2322 340 2355 cunr
359 2304 463 2355 Servilio
478 2307 503 2354 ia
515 2303 600 2372 senatu
622 2308 650 2354 de
669 2306 760 2356 Planco
778 2306 938 2357 contentioni·

289 2377 332 2429 bru
345 2411 354 2434 ‚
377 2377 457 2445 quibus
470 2395 520 2427 eum
530 2380 625 2428 eandem
631 2377 714 2448 fregit.
731 2378 779 2428 Aa.
792 2377 825 2427 U.
838 2382 865 2429 C.
878 2396 933 2443 710.

251 2458 476 2589 mPaaucr
508 2529 636 2589 animum
664 2528 694 2586 in
725 2526 934 2608 rempublicam

248 2610 426 2691 egregium,
448 2609 605 2690 legiones,
628 2607 754 2683 auxilia,
781 2609 879 2744 copias
901 2626 938 2666 ex

250 2688 354 2751 litteris
375 2687 458 2766 ejus,
477 2710 598 2771 quarum
616 2686 782 2769 exemplum
798 2690 820 2747 ti
840 2689 850 2744 i
870 2685 937 2745 mis-

247 2766 315 2828 sum
332 2770 476 2842 arbitror,
500 2768 661 2850 perspicere
681 2764 804 2849 potuisti.
831 2764 935 2847 Lepidi

247 2851 297 2909 tui
313 2848 456 2910 necessarii
475 2848 553 2931 (qui
571 2848 729 2911 secundum
747 2846 863 2907 fratrem
879 2843 937 2905 affi-

251 2948 306 2989 nes
329 2930 438 3002 haber,
455 2952 529 3012 quos
546 2928 660 3004 oderit,
677 2928 852 3010 proximos)
868 2928 939 2989 levi·

252 3026 375 3085 ratem,
410 3011 442 3069 &
474 3009 722 3083 inconstantiam,
752 3012 938 3088 animumque

253 3088 368 3171 semper
393 3091 541 3151 inimicum
569 3090 735 3172 reipublicae
760 3087 818 3168 jam
848 3088 938 3149 credo

252 3169 308 3229 ribi
332 3166 370 3231 'ea
396 3188 512 3231 tuorum
536 3172 636 3231 litteris
662 3169 718 3230 elle
748 3166 939 3307 perspeclum.

253 3246 509 3331 Nosexspeciario
529 3251 685 3323 sollicitat,
722 3270 767 3307 uae
787 3268 804 3308 e
843 3246 939 3308 omnis

253 3327 313 3410 jam
336 3334 365 3391 in
387 3349 549 3393 extremum
569 3328 690 3389 adducia
703 3270 868 3389 liscmmen.
889 3327 937 3388 Est

254 3414 335 3471 euim
358 3411 421 3493 spes
443 3414 536 3472 omnis
558 3412 588 3469 in
611 3409 702 3468 Bruto
726 3408 943 3489 expediendo,

253 3490 292 3552 de
313 3512 373 3573 quo
392 3492 582 3553 vehementer
599 3489 780 3550 timebamus.
808 3486 872 3569 Ego
891 3487 939 3547 hic

254 3592 321 3632 cum
347 3572 466 3634 homine
492 3571 598 3632 furioso
623 3569 688 3630 satis
710 3569 804 3629 habeo
829 3570 940 3662 negotii

252 3650 398 3724 Servili03
417 3673 505 3732 quem
525 3653 578 3712 ruli
596 3650 723 3722 diutius,
743 3647 829 3727 quim
848 3649 940 3741 dagni·

251 3748 296 3797 ms
326 3752 393 3795 mea
417 3733 602 3815 patiebatur3
622 3730 672 3794 sed
694 3729 747 3792 ruli
771 3726 937 3811 reipublicae
