2409 5492
422 1272 493 1323 Ar>
532 1256 786 1329 anrrtet.
869 1270 945 1356 '423

264 1367 369 1451 ltaque
391 1371 546 1430 maximam
565 1371 646 1452 spem
664 1372 726 1434 hoc¹
743 1384 875 1456 tempore
898 1376 952 1437 ha·

258 1450 370 1511 bemus
392 1452 421 1511 in
437 1469 489 1526 te,
512 1470 599 1535 atque
617 1457 744 1516 exercitu
766 1473 828 1516 too.
844 1455 951 1535 Quum

258 1530 303 1593 ud
325 1532 491 1612 reipublicae
509 1533 669 1604 summam,
691 1552 753 1597 tum
772 1537 811 1596 ad
828 1538 951 1618 gloriam

263 1612 299 1673 ot
317 1613 489 1696 dignitntem
506 1632 585 1676 ruam
596 1615 786 1678 vehementer
803 1620 949 1698 pertinet,

260 1708 313 1768 te,
325 1709 360 1754 ut
372 1696 438 1755 anre
450 1694 562 1776 scripsi,
573 1696 605 1754 in
616 1695 728 1757 ltaliam
739 1700 839 1761 venire
851 1718 952 1779 quam·

264 1776 410 1855 primirm:
427 1794 495 1858 eget
507 1779 586 1837 enim
597 1777 890 1859 vehementer-quum
904 1781 952 1841 vi·

263 1854 343 1917 ribus
361 1858 441 1931 ruis,
461 1874 523 1917 tum
538 1861 627 1918 etiarn
641 1860 765 1921 consilio
782 1856 952 1940 respublica.

257 1932 432 2010 ¹Veterem,
451 1959 505 2017 pro
525 1937 589 2016 ejus
609 1960 679 2022 erga
697 1952 727 2002 τε·
742 1940 950 2001 heneroiemia

257 2016 459 2115 :singularique
481 2014 601 2095 officio,
620 2022 743 2083 libenter
765 2040 802 2082 ex
823 2023 878 2082 tuis
899 2020 952 2082 lit·

261 2113 334 2159 tens
353 2100 523 2179 complexus
538 2099 620 2173 sum3
637 2116 763 2183 eumque
783 2123 871 2182 quum
888 2104 948 2175 rui,

257 2192 329 2239 eum
348 2179 513 2260 reipublicae
532 2179 768 2243 studiosissimum
787 2182 953 2243 amantissi-

258 2276 407 2341 ¹rerumque
422 2265 559 2343 cognovi.
575 2261 752 2324 Ciceronem
767 2283 866 2324 meum
882 2283 952 2344 pro·

257 2341 408 2483 hodiem,
424 2359 457 2402 ur
477 2340 582 2422 spero,
603 2342 737 2402 videbo:
759 2361 855 2404 tecum
871 2346 951 2403 enim

296 2442 348 2483 um
360 2466 371 2496 ,
383 2423 417 2489 ,ἃ
432 2443 461 2483 re
476 2425 506 2483 irr
522 2421 634 2483 Italiam
648 2423 779 2484 celeriter
796 2441 951 2485 venturum

264 2500 323 2565 effe
344 2501 475 2565 confido.
497 2503 582 2564 Vale.

259 2702 264 2715 ¹
358 2633 532 2695 Etruros
572 2618 796 2695 Crcnnoru
835 2630 866 2692 S.

261 2764 288 2821 'be
297 2781 310 2819 Ι
319 2780 338 2819 Β
347 2782 365 2817 Ε
373 2781 391 2818 R
401 2781 441 2818 os
457 2767 542 2836 Lepidi
552 2802 560 2825 ,
578 2766 617 2833 qui
628 2763 655 2833 se
673 2767 826 2834 conjunxerat
843 2782 892 2814 cum
909 2760 952 2815 M.

259 2848 265 2857 “
302 2842 433 2898 Antonio,
452 2843 610 2899 commendat,
631 2840 718 2907 sibique
734 2856 760 2888 ut
772 2842 815 2889 boe
832 2840 901 2887 detur
915 2853 955 2887 ro·

278 2942 282 2952 ·
302 2928 365 2984 gne,
386 2933 415 2964 ne
424 2933 454 2965 ex
463 2915 513 2984 iege
524 2933 573 2965 cnm
583 2913 613 2964 iis
622 2929 712 2982 agatur.
727 2913 800 2964 Anno
811 2910 843 2962 U.
856 2912 883 2962 C.
895 2926 953 2978 71⁰·

275 3082 318 3146 ¹3.
331 2997 434 3128 De
457 3064 557 3128 Marco
581 3066 687 3146 Lepido
715 3065 800 3125 veteri
820 3085 861 3122 nte
885 3062 956 3200 coiit

269 3148 435 3229 reliquorum
453 3149 557 3207 timor:
577 3149 625 3225 qui
641 3149 667 3205 si
685 3147 812 3225 eripuerit
825 3144 856 3222 st
874 3166 909 3203 no
928 3144 955 3202 is

262 3268 266 3279 .
303 3231 380 3309 quod
399 3229 482 3289 velim
502 3228 690 3303 teneriorque
708 3222 838 3304 injuriosi
854 3226 886 3281 de
903 3224 956 3282 illo

262 3309 400 3392 ·ttspitati
424 3310 479 3368 sint
501 3308 620 3365 bornints
639 3302 654 3384 )
676 3326 723 3363 oto
744 3322 824 3383 atque
849 3302 954 3383 obsecro

269 3407 322 3462 tt,
351 3393 469 3460 Cicero,
488 3386 710 3448 necessitudinem
729 3385 841 3466 nostram
863 3403 955 3444 tuam-

270 3492 322 3551 que
347 3473 377 3530 in
395 3493 435 3530 me
454 3467 667 3531 benevolentiam
690 3463 955 3544 obtestans‚srtrotis

267 3570 336 3611 Μ
362 3552 461 3611 liberos
481 3547 652 3622 obliviscaris
674 3543 722 3625 tfft
744 3547 843 3626 Lepidi
854 3544 956 3622 filios,

257 3650 365 3714 ¹meque
382 3634 418 3692 iis
434 3635 464 3691 in
480 3633 569 3713 porris
588 3629 675 3687 locum
689 3623 910 3705 fittcessffleexi
929 3626 956 3684 i·

259 3732 339 3774 ¹ittet.
372 3712 433 3775 Hoc
454 3714 479 3771 si
502 3734 520 3769 a
541 3730 565 3770 te
587 3711 726 3789 impetro,
748 3706 821 3766 nibil
838 3725 888 3786 pro
902 3704 954 3764 etta

268 3795 415 3856 dubitabis
429 3815 481 3874 pro
497 3796 539 3853 Iris
552 3789 696 3873 firstiptte.
718 3788 813 3850 Aliter
826 3787 878 3847 olii
894 3806 955 3849 ceto
