2409 5492
255 1269 334 1352 '352
409 1255 782 1323 Ertsrorrnu‘nr

257 1391 325 1431 nem
343 1368 426 1449 plane
443 1370 638 1448 repudiarunt,
655 1366 740 1444 Quid
758 1368 869 1430 multa?
889 1378 941 1432 te··¹

258 1465 329 1589 nept
349 1451 467 1520 omnia,
488 1448 575 1528 idque
595 1451 635 1507 ita
655 1466 760 1507 omnes
778 1448 938 1532 intelligere

257 1551 297 1592 VO
310 1547 369 1589 unt.

328 1655 507 1716 Mnucus
551 1655 596 1735 Q.
637 1654 797 1718 Furi-nr
837 1657 869 1720 S.

256 1788 435 1839 Rrsrornrr
461 1789 563 1856 epistole
589 1787 676 1858 Quinti
695 1821 705 1843 ,
731 1787 778 1852 qud
796 1787 825 1856 se
844 1805 943 1842 metuere
958 1842 969 1857 κ

293 1860 447 1928 scripserat,
477 1880 506 1912 ne
530 1880 581 1912 errrn
606 1860 693 1909 litteris
717 1857 769 1925 suis
796 1862 942 1931 interpellet.

294 1937 368 1985 Anno
387 1933 420 1984 U.
444 1936 471 1982 C.
494 1935 552 1996 698.
765 1938 768 1945 ’

261 2109 307 2150 ιο.
320 2023 406 2152 Tu
423 2092 545 2161 metuis,
562 2108 599 2147 ne
616 2109 664 2150 me
675 2086 867 2170 interpelles?
884 2088 940 2149 Pri·

259 2172 339 2227 mum
361 2173 384 2227 si
401 2172 430 2228 in
457 2169 508 2228 isto
533 2167 644 2241 essem,
666 2170 794 2243 tuscis,
816 2169 940 2249 quidsit

257 2249 464 2328 interpellare?
480 2249 583 2308 Anteis
599 2249 767 2310 mehercule
780 2250 866 2309 mihi:
881 2248 940 2308 do-

258 2348 323 2389 cere
347 2330 454 2389 videris
476 2328 551 2388 istius
579 2331 693 2409 generis
714 2330 943 2403 humanitatem,

257 2409 316 2489 qui
344 2409 462 2490 quidem
484 2430 540 2490 ego
561 2410 630 2468 nihil
658 2426 725 2469 utor
754 2409 805 2468 abs
827 2426 868 2471 te.
896 2407 944 2469 Tu

258 2491 331 2550 verb
353 2508 385 2551 ut
405 2511 452 2550 me
477 2490 509 2549 &
529 2489 678 2569 appelles,
700 2490 732 2549 &
750 2489 944 2571 interpelles,

260 2569 292 2628 δι
313 2571 491 2651 obloquare,
511 2570 542 2628 ὅ(
561 2570 727 2648 colloquare
745 2571 857 2630 velim:
877 2570 945 2650 quid

259 2652 339 2710 enim
360 2653 429 2711 mihi
447 2651 581 2712 suavius?
607 2670 665 2708 non
685 2650 853 2710 mehercule
872 2649 946 2730 quis·

261 2750 348 2808 quam
366 2730 586 2806 pesauriensi&
598 2729 734 2789 libentius
753 2730 802 2789 sua
819 2732 947 2791 recentia

259 2828 396 2888 poemata
418 2812 511 2890 legit,
532 2809 618 2886 quim
639 2830 695 2890 ego
719 2829 747 2868 te
767 2811 855 2870 audio
878 2832 947 2891 qua·

261 2910 384 2968 cumque
405 2890 440 2947 de
459 2909 509 2960 re,
529 2890 662 2966 publicai,
678 2891 809 2969 privati,
827 2888 946 2965 rustici,

258 2968 377 3026 urbani.
398 2967 455 3026 Sed
475 2969 540 3026 meai
560 2968 665 3028 failum
684 2969 725 3030 est
744 2971 849 3030 insulsi
866 2991 947 3031 vere·

258 3048 381 3120 cundici,
400 3067 430 3106 ut
446 3065 475 3105 te
495 3046 700 3126 proficiscens,
720 3072 781 3109 non
801 3053 946 3112 tollerem.

259 3125 428 3207 Opposuisti
450 3126 537 3185 semel
556 3133 715 3190 uitreis-ornias
734 3132 869 3204 causam,
891 3130 947 3192 Ci-

262 3211 376 3268 ceronis
392 3205 477 3266 nostri
497 3207 716 3266 valetudinem:
737 3214 873 3270 conticui.
893 3209 947 3272 lte·

259 3309 379 3367 rumque
397 3290 485 3347 ceteri
502 3307 623 3346 omnes:
640 3291 746 3367 quievi.
770 3290 858 3350 Nunc
876 3292 946 3352 mihi

259 3367 442 3446 jucunditatis
469 3367 554 3446 plena
580 3365 698 3445 epistola
723 3370 780 3429 hoc
807 3371 946 3450 adspersit

259 3447 428 3520 molestiae,
455 3447 534 3526 qubd
559 3449 695 3522 videris,
718 3470 755 3509 ne
781 3453 852 3509 mihi
877 3472 946 3510 mo-

258 3527 342 3588 lestus
364 3528 460 3601 effes,
491 3531 599 3588 veritus
628 3526 713 3600 elie,
743 3547 829 3609 atque
859 3534 946 3591 etiam
970 3545 974 3556 ’

257 3629 335 3668 nunc
350 3609 454 3669 vereri.
470 3607 524 3668 Liri
545 3629 623 3667 arem
638 3627 753 3683 tecum,
768 3613 792 3668 si
804 3610 846 3669 fas
862 3610 946 3671 effer:

233 3731 237 3738 .
256 3685 306 3744 sed
331 3688 494 3749 mehercule
516 3629 584 3746 iiuc
605 3691 628 3747 si
650 3711 787 3769 umquam
820 3690 945 3769 suspica-

258 3780 303 3823 tus
323 3787 374 3830 ero
384 3813 394 3843 ,
411 3767 481 3829 nihil
497 3768 590 3828 dicam
608 3769 705 3842 aliud,
725 3772 780 3831 nisi
797 3772 944 3847 verebor,
