2409 5492
303 1267 364 1328 Ao
376 1259 798 1352 Qfflnarnrrrmmtl.
824 1256 903 1357 387

207 1376 259 1440 do:
267 1376 421 1456 ternpore,
437 1375 507 1458 quid
518 1375 548 1436 in
560 1395 608 1436 ine
621 1376 777 1437 florentem
790 1376 883 1458 posset
889 1406 903 1444 ‚·

164 1484 166 1492 ·
207 1457 355 1521 ostendit:
375 1476 475 1530 nunc,
491 1476 580 1597 &mm
594 1477 651 1539 ego
668 1476 705 1518 ne
723 1476 823 1519 curem
839 1461 903 1598 <lui-

208 1541 283 1601 dem
306 1537 432 1598 multum
453 1559 493 1618 po
518 1557 559 1610 e,
578 1558 629 1599 res·
647 1538 765 1617 quidem
784 1538 845 1619 pub
857 1541 902 1600 ica

211 1619 293 1681 certe
310 1617 382 1678 nihil
401 1622 514 1697 possit,
532 1637 609 1693 unus
631 1619 680 1679 ille
699 1622 817 1693 omnia,
834 1638 907 1680 curn·

209 1701 264 1761 illo
283 1698 349 1781 ipso
363 1697 605 1762 contenderent-
630 1702 671 1758 sic
693 1703 772 1760 enim
791 1699 904 1761 facien·

215 1781 287 1841 dum
311 1776 418 1851 fuisses.
446 1779 517 1839 Non
539 1777 670 1840 existimo
694 1797 724 1841 te
748 1798 848 1861 putare
869 1781 902 1840 id

213 1862 287 1922 mihi
307 1858 516 1940 suscipiendum
531 1857 623 1921 fnisse.
640 1859 838 1931 Alterutrum,
854 1863 903 1920 in-

254 1945 278 2002 ’t
297 1940 379 2002 idem
400 1939 569 2002 Sallustius:
599 1939 798 2017 defendlllet·‚·
812 1942 904 2022 idque

215 1963 264 2087 gu
292 2024 361 2102 poio
376 2023 565 2083 contendenti
577 2021 714 2083 dedilles·:
727 2024 837 2084 etenim
849 2042 905 2084 ve·

215 2103 369 2165 hementer
391 2103 499 2163 orabat
528 2103 672 2184 Lepidum
694 2107 820 2163 amicum
837 2101 905 2163 Sal-

216 2182 332 2244 lustium
353 2224 368 2257 ‚-
391 2185 441 2270 qui
466 2185 535 2243 nihi
562 2201 611 2245 aut
634 2187 802 2245 inimicitias
819 2200 905 2263 putet

217 2263 392 2346 oericidolas
418 2263 579 2325 subeundas
604 2264 715 2339 firille,
747 2282 794 2325 aut
823 2264 905 2325 infa-

220 2345 312 2407 miam·
331 2343 545 2424 sempiternam.
575 2344 641 2428 Ego
661 2345 734 2404 verb
759 2348 812 2404 hac
837 2362 904 2406 rne‘a

218 2426 378 2501 dioennte
393 2425 548 2487 deledlor:
572 2446 605 2486 ac
626 2427 694 2485 milri
707 2426 779 2485 illud
798 2422 905 2502 jucun-¹

217 2506 292 2568 dum
303 2504 362 2581 est,
375 2507 456 2586 quod
470 2546 484 2581 ‚-
497 2526 586 2588 quum
597 2506 791 2567 testimonium
802 2504 905 2566 secun·

219 2586 292 2649 dini
312 2585 402 2653 fidem
424 2589 457 2648 ὃ(
480 2589 651 2670 religionem
674 2588 841 2669 gravissime
860 2587 905 2646 di·
971 2615 974 2620 ·

218 2666 348 2742 xillum·
361 2687 427 2728 reus
448 2669 542 2743 dixit,
563 2671 634 2728 siin
654 2670 768 2727 civitate
788 2665 908 2730 licuillet

217 2748 276 2810 sib'i
289 2746 364 2822 effe,
378 2749 450 2809 mihi
464 2749 491 2810 se
509 2748 726 2810 satisfaclururn:
744 2762 838 2828 neque
854 2768 905 2809 me

217 2830 380 2913 quidquam·
390 2831 589 2912 interrogavit.
604 2828 653 2890 De
666 2829 816 2901 versibus,
829 2851 905 2910 quos

219 2911 281 2971 tibi·
295 2932 314 2970 ει
333 2926 381 2970 me
401 2909 484 2969 scribi
504 2913 572 2983 vis,
591 2909 674 2971 deest
692 2911 761 2970 mihi
824 2912 905 2971 idem

217 3008 333 3073 opera,
346 3011 409 3072 quar
426 3012 486 3051 non
500 2993 592 3052 modo
606 3009 737 3074 tempus,
753 2931 906 3054 seductam

218 3074 351 3131 nimum
365 3092 489 3131 vacuum
509 3075 545 3133 ab
563 3076 645 3134 omni
660 3094 731 3133 cura*
743 3073 906 3133 desiderate

221 3151 274 3213 sed
283 3149 362 3213 abest
376 3154 463 3237 etiarn
474 3155 661 3234 itlsotaeople:
683 3156 837 3213 nonenim
855 3153 908 3213 su·

221 3234 424 3294 ntus-omnino
435 3235 496 3293 sine
511 3247 580 3293 cura·
592 3235 733 3294 venientis
748 3236 833 3292 anni:
849 3235 906 3296 etsi

164 3364 174 3393 ‚
217 3306 327 3374 'firmite
338 3313 408 3373 sine
419 3315 534 3374 timore.
557 3312 648 3375 Simul
669 3313 790 3377 &illud
811 3312 907 3396 (sine
1031 3350 1033 3353 ·

183 3460 186 3464 ,
222 3393 283 3458 ulla
302 3393 466 3455 mehercule
489 3396 581 3452 ironia
600 3395 734 3475 loquor)
757 3394 808 3453 tibi
828 3392 906 3457 istius

221 3476 339 3614 {m
365 3477 395 3534 in
421 3474 571 3535 scribendo
597 3479 708 3555 priores
733 3492 827 3553 partes
850 3477 907 3534 tri·-

219 3570 315 3627 ζιιο,
347 3555 435 3634 quarn
466 3555 545 3620 mihi.
576 3553 625 3614 Dc
654 3554 828 3614 bibliotheca
856 3572 906 3616 tua

169 3660 171 3665 ·
222 3631 332 3711 Qraeca
351 3634 538 3714 supplenda,
564 3634 644 3693 libris
667 3635 907 3710 commutandis,

220 3711 334 3777 latinis
363 3716 594 3795 comparandis,
622 3715 707 3776 valde
735 3714 824 3776 veliin
856 3713 907 3780 ista

222 3794 353 3868 confici,
376 3796 532 3876 praeser'tim
552 3816 642 3877 quum
661 3797 698 3856 ad
717 3817 814 3887 meum
832 3817 910 3879 quo-⁴

748 3877 810 3960 Rij
