2409 5492
353 1239 688 1333 'AerAEnArrtarr
704 1234 829 1308 [tall.
867 1232 939 1331 ξας

256 1367 301 1417 ter
317 1373 412 1415 unum
431 1373 489 1413 me.
509 1350 567 1414 Sed
584 1351 662 1413 certe
677 1372 694 1410 a
708 1368 738 1412 te
756 1355 826 1413 mihi
843 1355 943 1414 omnia

258 1436 377 1516 semper
399 1433 518 1494 honesta
544 1434 576 1493 &
603 1430 727 1511 jucunda
751 1435 945 1506 ceciderunt3

256 1536 275 1576 a
294 1537 345 1577 me
364 1515 418 1575 tihi
438 1513 527 1574 lu6lus
547 1533 620 1573 meae
641 1513 828 1587 calamitatis,
849 1532 945 1575 metus

257 1613 337 1670 tua,
358 1595 556 1665 desiderium,
578 1614 709 1666 moeror,
728 1593 861 1655 solitudo.
878 1593 945 1676 Ege

258 1692 287 1737 te
309 1674 413 1737 videre
433 1673 599 1737 noluerim?
616 1677 707 1733 immo
726 1677 862 1737 verbine
880 1697 897 1735 a
913 1692 944 1737 te

258 1755 354 1817 rideri
375 1755 485 1815 nolui:
510 1775 571 1816 non
596 1756 674 1814 enim
693 1753 806 1816 vidisses
826 1755 945 1816 fratrem

258 1851 361 1896 tuum:
381 1856 441 1895 non
459 1854 549 1908 eum,
570 1854 659 1915 quem
680 1836 858 1916 reliqueras:
883 1855 945 1896 non

260 1936 350 1990 eum,
365 1935 455 1995 quem
467 1935 570 1976 noras:
588 1934 650 1974 non
668 1934 754 1990 eum,
769 1935 856 1995 quem
872 1916 946 1976 flens

260 1996 406 2071 flentem,
420 1995 505 2076 prose
526 2012 645 2056 uentem
662 1994 843 2075 proficiscens
861 1996 947 2057 dimi·

262 2075 340 2138 seras
365 2096 374 2135 r
405 2096 443 2136 ne
465 2096 503 2137 ve
529 2080 534 2090 '
558 2080 617 2135 'um
638 2077 755 2156 quidem
777 2073 867 2152 ejus,
892 2096 948 2138 nec

264 2157 474 2229 simulacrum
498 2098 564 2218 fef

260 2241 350 2298 rantis
366 2240 482 2297 mortui.
495 2235 593 2318 Atque
611 2239 720 2297 utinam
736 2257 783 2298 me
799 2257 948 2298 mortuum

262 2320 344 2399 prius
366 2314 482 2378 vidiffes
506 2361 516 2390 ‚
547 2335 594 2378 aut
618 2317 760 2378 audilles!
788 2320 900 2379 utinam
917 2336 948 2380 re

262 2419 325 2481 non
355 2397 447 2458 solium
480 2399 548 2457 vitae
569 2442 579 2471 ,
606 2397 654 2458 sed
686 2400 772 2459 etiarn
806 2399 950 2479 dignitatis

262 2498 340 2540 meae
366 2475 545 2618 sugerstitem
566 2477 761 2559 reliquilleml
783 2477 841 2538 Sed
863 2477 950 2538 testor

264 2578 371 2620 omnes
414 2580 486 2630 eos,
508 2578 558 2618 me
575 2559 629 2616 hac
649 2560 707 2617 una
726 2578 801 2617 voce
822 2580 839 2616 a
856 2574 951 2620 morte

265 2638 323 2700 elle
340 2657 532 2711 revocatum,
548 2638 628 2718 qubd
648 2657 749 2696 omnes
764 2639 874 2696 inmea
891 2639 952 2698 vita

265 2739 382 2801 partem
408 2720 532 2876 aliqqram
553 2737 609 2778 tuae
631 2720 698 2777 vitae
722 2718 876 2796 repositam
895 2714 952 2779 esse

266 2800 415 2861 dicebant.
485 2817 552 2857 uare
585 2800 732 2878 peccavi,
760 2796 953 2880 scelerateque

265 2879 345 2941 feci:
365 2900 433 2940 nam
451 2882 475 2937 si
491 2879 668 2951 cecidillem‚
686 2899 765 2939 mors
783 2878 843 2957 ipsa
857 2898 953 2940 meam

266 2964 429 3041 pietatem,
445 2979 633 3040 amoremque
652 2963 680 3017 in
702 2976 730 3019 te
749 2949 832 3018 facili
850 2959 956 3020 defen·

269 3041 365 3103 deret.
385 3040 471 3099 Nunc
489 3042 645 3111 commisi,
663 3058 694 3099 ut
711 3041 781 3099 vivo
801 3059 848 3100 me
871 3059 956 3101 care-

268 3142 343 3196 res,
365 3122 438 3181 vivo
463 3140 510 3180 me
532 3121 593 3179 aliis
616 3121 782 3202 indigeres:
806 3140 872 3179 mea
893 3136 955 3181 vox

268 3204 300 3266 in
325 3199 488 3262 domesticis
535 3200 647 3260 ericulis
670 3200 852 3279 potissimum
873 3203 956 3258 occi-

269 3282 385 3355 deret,
415 3301 480 3361 quae
510 3222 583 3360 iiepe
612 3281 789 3339 alienissimis
820 3280 956 3358 praesidio

268 3360 374 3425 fuiffer.
392 3359 470 3420 Nam
492 3361 572 3440 qued
600 3360 636 3418 ad
662 3376 692 3420 te
715 3360 797 3438 pueri
822 3362 883 3420 sine
904 3361 957 3419 lit-

269 3447 340 3504 reris
358 3457 526 3512 venerunt,
545 3442 682 3521 quoniam
700 3439 783 3500 vides
799 3459 859 3499 non
876 3438 957 3502 fuille

271 3522 428 3584 iracundiae
452 3521 538 3581 causa
559 3567 568 3591 ,
600 3522 677 3581 certe
697 3522 808 3602 pigritia
829 3519 905 3589 fuit,
927 3520 959 3580 &

272 3604 408 3685 quedam
430 3601 540 3662 infinita
559 3603 603 3663 vis
625 3603 835 3680 lacrymarum,
854 3600 885 3658 ὃ(
903 3600 960 3660 do·

268 3682 382 3744 lorum.
416 3682 488 3742 Haec
517 3681 576 3762 ipsa
607 3701 654 3740 me
683 3701 741 3761 quo
775 3681 845 3739 fletu
876 3697 962 3761 putat

268 3762 439 3848 scripsiffei
461 3763 592 3837 eodem,
617 3783 676 3846 quo
702 3761 857 3846 relegere
877 3764 962 3830 certe

569 2157 725 2237 quamdam
745 2155 872 2239 effigiem
890 2156 947 2238 spi·
1038 2214 1044 2225 x
