2409 5492
304 1227 366 1279 ,su
384 1208 429 1301 Q.
442 1209 642 1277 Fruuntur
661 1215 751 1282 ω.
766 1212 813 1283 11.
840 1212 914 1311 343
948 1262 950 1266 ,

303 1354 483 1416 Musteus
525 1351 568 1434 Q.
611 1354 774 1416 Furrrr
814 1355 846 1419 S.
891 1438 896 1445 Ι

229 1494 278 1547 Di
297 1495 385 1546 Sextio
402 1492 530 1562 absoluto,
552 1496 575 1545 ἃ
591 1494 691 1547 Vatinio
712 1495 840 1561 injudicio
856 1496 918 1547 Sex·

264 1568 335 1619 tiano
354 1584 462 1624 uexato,
480 1565 579 1634 aliisque
598 1571 727 1631 domesticis
745 1570 812 1620 rebus
831 1571 917 1620 certic·

265 1658 315 1692 rem
331 1639 405 1708 facit.
425 1644 498 1692 Anno
516 1641 550 1690 ll.
567 1644 595 1691 C.
615 1649 673 1708 697.

244 1817 277 1872 4.
294 1732 493 1858 Sumus
509 1795 606 1858 noster
624 1796 768 1859 absolutus
784 1798 824 1859 est
841 1822 866 1860 a.
886 1798 920 1862 d.

231 1895 268 1938 ιι.
284 1877 330 1940 ld.
345 1878 435 1940 Mart.
455 1879 508 1954 dt,
527 1880 607 1959 quod
623 1880 812 1940 vehementer
831 1881 916 1940 inter·

228 1957 283 2019 fuit
302 1961 345 2019 rei
367 1958 467 2018 ublicae
484 1961 593 2019 nullam
614 1961 710 2022 videri
726 1963 756 2019 in
774 1957 916 2039 ejusmodi

230 2038 313 2099 causa
353 2037 534 2100 issensionem
556 2039 634 2114 elle,
652 2041 785 2102 omnibus
803 2041 918 2101 senten·

229 2121 275 2180 tiis
299 2118 446 2180 absolutus
474 2118 523 2180 est.
556 2118 630 2180 Illud
660 2123 740 2203 quod
764 2121 817 2181 tibi
840 2119 915 2202 saepe

229 2220 304 2260 curse
338 2199 395 2261 elle
424 2200 651 2275 intellexeram,
677 2222 713 2263 ne
744 2203 787 2260 cui
813 2205 916 2284 iniquo

229 2281 458 2361 relinqueremus
488 2282 672 2362 vituperandi
706 2284 835 2357 locum,
864 2285 915 2364 qui

229 2379 283 2421 nos
309 2366 438 2443 ingratos
459 2360 516 2422 ess'e
536 2364 667 2437 diceret,
687 2367 741 2422 nisi
758 2363 832 2424 illius
849 2383 918 2443 per·

227 2443 397 2502 versitatem
416 2442 585 2522 quibusdam
604 2448 633 2503 in
649 2444 734 2505 rebus
756 2444 843 2523 qu‘ant
860 2445 916 2503 hu·

227 2523 395 2582 manissime
411 2521 571 2597 ferremus,
590 2522 662 2585 scito
684 2524 742 2584 hoc
756 2545 809 2582 nos
825 2525 855 2582 in
875 2543 915 2584 eu

227 2599 337 2682 judicio
360 2602 529 2663 consecutos
551 2603 630 2676 elle,
649 2621 680 2663 ut
699 2606 829 2663 omniurn
848 2623 914 2684 gra-

227 2685 331 2743 tissimi
352 2683 565 2762 judicaremur:
591 2704 659 2742 nam
679 2686 709 2741 in
728 2681 916 2744 defendendo

228 2763 346 2826 moroso
377 2764 750 2824 homine‘cumulatissime
773 2762 915 2823 satisfeci·

227 2864 313 2918 mus,
338 2844 371 2903 &
399 2845 462 2919 (id
483 2845 563 2925 quod
589 2845 639 2906 ille
662 2845 786 2904 maxime
809 2846 915 2924 cupie-

227 2922 278 2984 bat
296 2924 312 3006 )
332 2923 506 2998 Vatinium,
526 2947 543 2983 a
565 2945 624 3004 quo
644 2926 739 3005 palam
761 2924 916 3008 oppugni·
961 2976 965 2983 .

226 3002 333 3076 batur,
351 3005 486 3065 arbitratu
508 3003 605 3065 nostro
629 3005 830 3078 concidimus,
858 3008 913 3067 diis

228 3084 451 3166 hominibusque
475 3085 688 3166 plaudentibus.
716 3085 800 3164 Quin
824 3090 913 3146 etiam

227 3163 330 3226 Paulus
351 3166 447 3226 noller
466 3175 555 3246 quum
575 3165 652 3226 testis
673 3165 826 3246 produdlus
842 3165 913 3226 ellet

226 3247 256 3305 in
277 3245 433 3320 Sextium,
456 3246 640 3307 confirmavit
662 3246 690 3306 se
714 3266 823 3305 nomen
844 3246 913 3304 Va-

226 3329 290 3386 tinii
309 3328 490 3398 delaturum,
508 3330 531 3386 si
551 3327 654 3385 Macer
674 3325 798 3385 Licinius
819 3345 913 3384 cunc-

224 3424 354 3480 taretur3
373 3408 405 3467 δι
426 3407 526 3466 Macer
545 3429 562 3466 a
583 3407 674 3468 Sextii
696 3405 829 3467 subselliis
847 3404 911 3465 sur-

226 3489 319 3561 rexit,
340 3508 373 3546 ac
399 3486 426 3548 se
447 3488 488 3547 illi
510 3509 570 3547 non
596 3487 762 3548 defuturum
782 3484 911 3546 affirma-

225 3568 278 3628 vit.
298 3565 383 3646 Quid
399 3568 524 3649 quaeris?
542 3569 632 3629 homo
654 3568 785 3647 petulans
804 3566 835 3623 &
855 3588 909 3625 au·

227 3647 283 3706 dax
302 3647 458 3722 Vatinius,
476 3648 562 3710 valde
582 3649 761 3728 perturbatus
779 3646 910 3706 debilita-

225 3726 325 3808 tusque
346 3729 483 3792 discessit.
501 3729 629 3811 Quintus
647 3746 736 3869 tuus13
751 3747 822 3820 puer
836 3729 914 3810 opti-s

758 3831 787 3872 ιν
