2409 5492
246 1239 322 1336 380
394 1237 776 1308 Errsrorrrtvrr

244 1372 359 1415 centem
384 1350 552 1429 Apollinem
572 1353 603 1410 in
627 1352 750 1412 coneilio
771 1352 898 1415 deorum
915 1366 928 1431 ;

247 1436 337 1515 qualis
353 1431 460 1495 reditus
480 1433 603 1492 duorum
620 1434 827 1513 imperaromm
849 1434 928 1498 fertu-

245 1535 292 1573 rus
316 1510 409 1582 ellet3
437 1532 560 1590 quorum
580 1512 652 1572 alter
675 1516 833 1574 exercitum
852 1536 927 1597 per-

244 1592 385 1664 didisset,
414 1591 487 1652 alrer
504 1591 690 1653 vendidisset.
716 1592 760 1653 Ex
780 1594 929 1656 Britannia

246 1671 343 1733 Caesar
372 1672 409 1731 ad
429 1692 477 1745 me
501 1673 567 1731 Kal.
588 1671 668 1754 Sept.
693 1672 777 1733 dedit
796 1676 929 1751 litteren

245 1774 316 1894 quas
341 1772 398 1833 ego
422 1755 520 1832 accepi
543 1775 569 1811 a.
595 1752 624 1812 d.
648 1771 684 1812 tv
707 1754 774 1814 Kal.
805 1754 930 1819 anbr.

261 1836 313 1893 atis
330 1833 499 1892 commodas
515 1834 551 1894 de
568 1831 739 1893 Britannicis
750 1836 855 1896 rebus:
869 1838 931 1918 qui-

245 1913 320 1987 bus,
344 1933 381 1973 ne
402 1913 524 1973 admirer
542 1912 622 1993 qubd
641 1936 657 1972 a
676 1930 707 1973 te
732 1915 824 1975 nullas
843 1938 931 1979 acce·

247 1996 362 2075 perim,
377 1992 471 2052 scribit
486 1993 514 2054 se
533 1997 595 2053 sine
616 2012 647 2053 re
663 1991 763 2065 fuisse,
784 2016 877 2076 quum
889 1997 928 2059 ad

246 2094 327 2135 mare
351 2071 504 2133 accesserit.
531 2073 581 2133 Ad
606 2094 656 2134 eas
680 2094 736 2155 ego
760 2077 789 2135 ei
814 2077 929 2138 litteras

247 2154 318 2213 nibil
329 2153 474 2233 rescripsi,
486 2173 523 2213 ne
533 2154 691 2236 gratulandi
698 2154 815 2235 quidem
824 2158 928 2232 causi,

247 2250 368 2314 propter
385 2232 446 2311 ejus
462 2234 580 2295 lullum.
601 2233 649 2295 Te
666 2256 719 2296 oro
734 2238 823 2297 etiam
838 2256 929 2319 atque

248 2317 356 2387 etiarn,
374 2317 414 2373 mi
433 2315 539 2389 stater,
560 2332 592 2376 ut
606 2317 714 2377 valeas.

323 2419 494 2506 Mrr'cus
536 2443 578 2525 Q.
620 2445 784 2506 Fanrnr
827 2445 859 2509 S.

251 2577 409 2632 Gummi(
426 2581 555 2630 redeuntem
569 2577 594 2625 in
614 2577 706 2633 urbem,
726 2579 751 2628 in
764 2576 851 2645 [επακ
866 2580 929 2632 meld

285 2670 412 2712 vexeram,
433 2654 488 2703 &a
505 2650 617 2701 Memmio
639 2650 733 2700 tribano
753 2653 793 2719 pl.
814 2655 846 2702 ed
854 2672 931 2723 pope·

286 2726 335 2776 lom
354 2725 414 2776 mali
433 2725 554 2774 traderem
574 2721 617 2787 effe
639 2756 648 2778 ,
673 2741 701 2773 ar
726 2726 754 2773 de
773 2724 864 2789 judicio
884 2726 931 2793 eries

283 2799 391 2866 proximi
404 2799 508 2863 firenro,
530 2812 700 2845 commemorat.
728 2798 827 2847 Deinde
847 2800 930 2864 quide

285 2872 372 2919 ambitu
388 2873 423 2920 rei
441 2872 508 2927 sint,
526 2887 573 2934 qua
592 2869 739 2918 comitiorum
750 2867 807 2936 spes
823 2872 855 2921 rie
864 2906 873 2928 ,
889 2873 931 2921 de·

284 2944 405 3004 monstrat.
429 2944 501 2990 Anno
524 2941 558 2992 U.
581 2943 608 2990 C.
631 2947 686 3002 699.

251 3140 279 3181 2.
294 3114 347 3175 ib.
362 3136 434 3178 ΝΤΞ
457 3118 534 3177 diem
560 3136 596 3177 v1
616 3116 659 3177 ld.
677 3116 800 3179 Ottobr.
816 3118 929 3179 Salvius

250 3197 361 3259 Olliatn
385 3199 496 3279 vesperi
517 3203 584 3259 navi
610 3198 756 3279 prosedlus
780 3220 839 3261 erat
864 3221 932 3260 cum

248 3283 281 3341 iis
304 3282 409 3348 rebus,
430 3301 497 3359 quas
516 3281 565 3340 tibi
587 3279 677 3337 domo
694 3283 769 3338 mirri
788 3282 934 3341 volueras.

247 3359 359 3420 Eodem
383 3360 428 3420 die
449 3359 606 3419 Gabiniam
627 3359 663 3418 ad
680 3362 825 3439 populum
843 3362 932 3421 lucu-

249 3442 326 3500 lente
346 3439 514 3499 calefecerat
538 3441 714 3513 Memmius,
732 3443 771 3498 sic
792 3458 824 3500 ut
847 3439 931 3500 Cali-

248 3522 298 3583 dio
322 3521 442 3581 verbutn
463 3520 556 3582 facere
582 3543 634 3599 pro
659 3541 696 3580 eo
720 3540 781 3578 non
807 3523 934 3583 licuerit.

248 3600 384 3661 Postridie
406 3619 502 3660 autem
521 3598 581 3675 ejus
606 3601 692 3671 diei,
715 3602 764 3679 qui
788 3620 851 3661 erat
871 3618 934 3661 tum

248 3679 375 3751 futurus,
393 3703 480 3761 quum
494 3683 551 3740 baec
567 3681 723 3740 scribebam
738 3699 805 3740 ante
821 3684 936 3755 lucem,

247 3763 325 3838 apud
352 3759 499 3825 Catonem
522 3779 583 3824 erat
610 3762 749 3825 divinatio
778 3764 808 3823 in
839 3760 936 3833 Crob,
