2409 5492
339 1245 401 1309 'an
412 1226 845 1321 Emi-unire.,X11.
876 1256 937 1335 „59

252 1353 336 1429 ridie,
354 1376 420 1438 quae
434 1356 593 1425 volumus,
611 1352 760 1429 adimam
773 1355 823 1419 sed
840 1357 935 1419 adhuc

250 1439 308 1513 ,ine
323 1441 440 1518 capite,
461 1439 522 1497 sine
539 1433 674 1507 auiiore,
690 1456 804 1499 rumore
820 1442 938 1503 nuntio.

258 1516 344 1597 Quod
358 1538 454 1600 quum
472 1520 512 1576 ita
523 1513 615 1586 effen,
632 1532 730 1576 tamen
745 1518 845 1579 litteris
860 1522 938 1595 tuis,

256 1619 317 1680 quas
336 1597 437 1669 Nonis
462 1598 534 1657 Maii
550 1616 588 1659 ex
604 1594 697 1656 castris
713 1595 793 1658 daras
807 1620 937 1681 accepe-

249 1700 343 1753 rimus
360 1724 372 1754 ,
391 1681 436 1738 ita
463 1675 626 1759 persuasum
649 1693 709 1736 erat
737 1679 871 1754 civitati,
901 1697 936 1743 ut

258 1760 330 1819 illum
359 1758 423 1835 iam
448 1754 615 1838 oppressum
638 1777 741 1817 omnes
763 1759 937 1821 arbitraren-

260 1856 320 1911 tur,
346 1857 376 1901 te
412 1858 513 1909 autem
539 1839 570 1897 in
598 1836 713 1905 ‚ltaliam
738 1841 837 1899 venire
868 1862 936 1902 cum

263 1923 399 1993 exerciru3
418 1937 467 1992 ur,
482 1921 506 1978 si
523 1918 584 1975 haec
600 1916 793 1989 eusentemia
807 1918 938 1981 confeih

262 1997 367 2074 effem,
396 2000 524 2067 consilio
551 2015 638 2078 atque
667 1997 835 2059 annositate
863 2002 938 2073 τοίς

255 2082 297 2155 ,εἰη
314 2081 384 2161 quid
402 2079 481 2141 forre
497 2079 669 2152 titubarum,
690 2098 722 2140 ut
738 2077 771 2139 fit
790 2083 819 2141 in
836 2080 940 2156 bello,

261 2165 383 2222 exercitu
416 2177 470 2220 tuo
501 2164 665 2223 niteremur.
693 2156 797 2237 Quem
819 2163 940 2243 quidem

261 2261 313 2323 ego
339 2243 503 2315 exercitum
528 2284 538 2314 ‚
577 2239 800 2321 quibuscumque
829 2261 938 2322 potero

263 2322 370 2396 rebus,
400 2321 537 2392 ornab03
563 2319 643 2396 cujus
669 2324 712 2381 rei
734 2340 796 2382 tum
822 2314 939 2404 tempus

265 2404 330 2475 erit,
350 2423 459 2483 quum,
479 2401 549 2482 quid
568 2404 631 2481 opis
650 2402 813 2541 reifublicae
831 2404 940 2464 laturus

269 2485 287 2542 is
307 2487 448 2544 exercitus
473 2484 536 2554 sit,
564 2499 613 2541 aut
634 2485 682 2561 qui
726 2480 785 2563 jam
812 2485 941 2559 tulerit,

268 2584 359 2623 uorum
380 2562 439 2624 effe
459 2564 595 2643 eruperit.-
614 2561 692 2623 Nam
712 2562 805 2622 adhuc
825 2568 941 2640 ramum

268 2664 379 2704 conatus
402 2642 555 2704 audiuntur
576 2644 717 2721 ,¹0ptimi
738 2642 780 2701 iili
799 2643 942 2721 quidem,

270 2726 299 2784 &
319 2725 545 2805 praeclarissimi‚
566 2723 616 2784 sed
638 2720 715 2812 gesta
734 2743 778 2782 res
796 2722 943 2803 exspeiia·

271 2821 335 2877 tur,
351 2825 432 2885 quam
452 2805 570 2885 quidem
586 2818 635 2863 aut
648 2824 707 2880 lam
728 2801 784 2863 effe
799 2805 943 2886 aliquam,

273 2903 318 2944 aut
339 2888 566 2967 appropinquare
589 2883 718 2945 confido.
741 2883 808 2945 Turi
835 2890 945 2946 virtute

259 2966 302 3029 ,ἃ
327 2967 520 3048 magnitudine
540 2968 629 3025 animi
650 2964 720 3024 mhil
744 2962 785 3025 est
805 2966 948 3027 nobilius.¹

268 3044 361 3127 Iraque
381 3067 538 3127 optamus,
557 3064 590 3106 ur
607 3047 695 3127 quim
712 3047 836 3125 primum
855 3065 885 3109 te
911 3051 945 3107 in

266 3124 343 3187 ltalia
359 3127 527 3193 videamus:
540 3127 748 3207 rempublicam
765 3149 818 3187 nos
835 3128 946 3189 habere

266 3208 485 3283 arbitrabimur,
500 3209 523 3267 si
539 3228 593 3269 vos
611 3207 789 3271 habebimus.
807 3207 947 3268 Praeclare

254 3290 425 3353 ,viceramus
447 3333 459 3360 ,
487 3290 543 3348 nisi
568 3286 720 3367 spoliatum
741 3332 751 3360 ‚
772 3291 947 3361 inermem,

268 3366 427 3451 fugientem
452 3368 581 3449 Lepidus
594 3408 596 3415 ι
609 3365 758 3449 recepiffet
774 3366 948 3431 Antonium.

268 3447 365 3527 ltaque
384 3468 544 3530 numquam
565 3466 646 3509 tanto
666 3450 735 3509 odio
755 3451 862 3513 civitati
882 3448 946 3509 An-

272 3530 363 3589 tonius
381 3529 456 3600 fuit,
472 3548 580 3610 quanto
593 3528 636 3591 est
650 3528 787 3610 Lepidus:
802 3530 852 3589 ille
867 3532 947 3589 enim

254 3627 308 3673 ,ex
329 3611 491 3673 turbulenta
509 3611 674 3690 republica3
696 3610 742 3669 hic
762 3629 798 3669 ex
811 3629 892 3688 ,pace
914 3610 947 3671 δι

268 3686 385 3751 νίἃοτίει
404 3693 517 3751 bellum
539 3693 676 3751 excitavit
701 3689 777 3748 Huic
794 3694 949 3771 oppositos

267 3770 399 3837 consules
420 3772 587 3855 designatos
610 3771 747 3835 habemus
757 3848 784 3913 C
794 3793 828 3861 m·
845 3774 950 3856 quibus

800 3875 829 3934 v]
