2409 5492
163 1047 170 1253 s

297 1264 361 1327 'An
380 1255 424 1349 Q.
442 1256 642 1327 Fnarnmr
652 1260 738 1330 Lm.
755 1258 786 1330 1.
814 1278 890 1356 303

214 1373 308 1454 generi
329 1371 481 1432 hominum
510 1373 685 1451 prasinus,
715 1391 775 1432 non
796 1372 895 1435 modo

212 1455 238 1512 in
256 1472 315 1532 quo
332 1452 394 1534 ipsa
410 1454 464 1521 sir,
481 1450 530 1512 fed
548 1455 634 1512 etiam
651 1474 668 1511 a
685 1471 744 1533 quo
764 1452 801 1510 ad
816 1454 893 1515 alios

210 1534 371 1614 pervenisse
393 1547 509 1612 putetur
532 1531 692 1593 humanitas
712 1553 721 1604 3
753 1535 830 1592 certe
853 1535 894 1594 iio

208 1616 467 1753 rr
482 1612 809 1753 urrunnun

209 1772 304 1834 dicere
335 1713 484 1854 {iidemu
534 1757 670 1833 raesertim
696 1776 726 1832 in
749 1791 785 1833 ee
806 1712 895 1849 ritu,¹

208 1868 293 1994 ἔλυε
311 1855 346 1912 iis
366 1855 450 1927 rebus
469 1794 574 1935 gelih,
591 1857 622 1912 in
639 1853 741 1934 quibus
758 1873 816 1912 non
838 1874 891 1933 po·

290 1934 419 1995 residere
446 1936 587 2007 inertiae,
617 1952 667 1993 aut
691 1934 812 1994 levitati>
833 1932 894 1994 ullae
930 1982 934 1987 .

208 2011 349 2096 suspicio,
370 2034 425 2074 nos
446 2034 506 2083 ea,
526 2034 588 2094 quae
610 2012 753 2074 consecuti
777 2013 895 2089 smnus,

208 2093 248 2154 iis
274 2092 375 2154 studiis
395 2096 427 2153 &
450 2093 555 2154 artibus
574 2092 630 2154 esse
652 2102 803 2175 adeptos,
825 2114 895 2175 quae·

208 2174 371 2235 rmr'nobis
397 2173 519 2236 Graeciae
545 2174 739 2235 monumentis
762 2174 892 2254 discipli-

207 2254 306 2337 nisque
331 2255 444 2316 tradita.
464 2255 564 2334 Quare
608 2274 689 2315 raeter
704 2274 896 2315 communem.

208 2333 321 2410 fidem,
345 2356 409 2417 quae
427 2335 562 2397 omnihus
578 2276 700 2399 ‹iebetur
718 2381 728 2407 ‚
773 2354 894 2396 raeterea

208 2436 261 2477 uos
278 2415 325 2475 isti
342 2416 493 2477 hominum
505 2419 605 2499 generi
620 2357 772 2497 praecipui)
783 2417 896 2478 debere

208 2496 369 2572 videmur,
388 2511 422 2556 ut
443 2543 454 2572 ‚
480 2516 602 2577 quorum
624 2499 776 2576 preceptis
794 2494 893 2557 sumus

209 2577 338 2649 eruditi,
358 2577 434 2658 apud
454 2598 505 2637 eos
523 2575 624 2657 ipsos,
643 2576 721 2656 quod
741 2574 829 2635 abiis
849 2574 895 2636 di·

209 2658 388 2733 dicerimus,
406 2658 528 2718 velimus
546 2676 728 2735 expromere.

211 2754 215 2763 ’
246 2738 289 2799 Χ.
311 2737 410 2819 Atque
434 2738 482 2799 iile
505 2735 623 2816 quidem
650 2738 782 2816 princeps
807 2737 837 2796 in
859 2755 895 2798 e·

165 2806 170 2828 ⁸
210 2819 250 2878 nii
273 2819 305 2878 &
329 2817 464 2879 desirinae
485 2816 588 2889 Plato,
609 2832 671 2874 tum
687 2817 812 2898 denique
829 2757 898 2879 sire

209 2898 308 2960 beatas
330 2897 499 2980 respublicas
522 2898 661 2978 putavit,
683 2899 709 2957 si
725 2917 772 2959 aut
791 2896 867 2959 dosii
881 2944 897 2975 ,

211 2992 242 3038 ac
266 2980 411 3060 sapientes
433 2979 565 3039 homines
592 2997 641 3037 eas
664 2998 764 3062 regere
788 2980 896 3061 coepis·

211 3056 291 3133 sent3
313 3079 361 3119 aut
382 3062 429 3131 ii,
454 3063 504 3140 qui
524 3074 680 3139 regerent,
699 3079 787 3120 omne
811 3060 897 3121 suum

210 3136 334 3200 studium
351 3141 381 3198 in
400 3138 527 3200 dosirina
547 3159 580 3196 ac
599 3136 737 3219 sapientia
753 3139 897 3201 collocas·

211 3217 281 3281 sent.
313 3219 397 3280 Hanc
421 3217 654 3296 conjunffionem
677 3219 812 3278 videlicet
837 3242 894 3300 po·

212 3298 316 3361 emtis
337 3321 370 3361 ac
394 3296 557 3381 sapientiae,
575 3298 654 3359 saluti
672 3297 780 3359 censuit
796 3300 898 3360 civita·

212 3380 287 3441 tibus
305 3377 364 3442 esse
382 3378 481 3462 posse:
502 3379 582 3461 quod
603 3377 716 3440 fortasse
738 3379 899 3459 aliquando

212 3460 350 3522 unversae
365 3461 530 3542 reipublice
546 3458 668 3534 nostrae,
682 3479 757 3520 nunc
776 3459 898 3540 quidem·-

213 3540 345 3681 ἕοίξεᾶὀ
367 3539 411 3601 isti
427 3542 585 3682 proueispciae
608 3543 752 3680 cppgigir,
770 3557 804 3600 ut
822 3543 845 3635 i?
863 3541 898 3636 im

277 3640 405 3681 ummam
452 3638 484 3683 ot
525 3638 603 3680 arem
679 3637 766 3692 eret,
797 3640 842 3679 cur
864 3639 900 3681 m

214 3698 366 3773 docmina,
386 3643 476 3762 cuip'm
494 3705 601 3761 virtute
617 3717 702 3782 atque
719 3700 900 3762 humanitate·

213 3782 432 3865 percipienda,
458 3781 614 3864 plurimun
635 3800 652 3843 a
671 3783 796 3864 pueritia
812 3780 900 3844 studii
