2409 5492
213 1048 221 1215 l

352 1239 418 1295 An
431 1222 475 1316 Q.
489 1223 689 1294 Fratrum
705 1228 790 1295 Lrn.
808 1227 839 1299 1.
866 1247 942 1323 295

273 1332 402 1398 existimo
417 1337 432 1420 )
450 1338 521 1399 nihil
541 1337 603 1414 est,
623 1341 702 1422 quod
723 1360 785 1400 non
801 1341 900 1415 &iis‚
915 1344 948 1403 &

271 1419 293 1477 si
314 1420 377 1497 quis
397 1417 439 1479 est
455 1419 526 1479 alius
546 1418 780 1498 ejusdemmodi,
805 1421 837 1481 δι
860 1442 948 1481 com-

265 1498 365 1574 ¹mitti,
389 1500 423 1560 δι
445 1500 524 1560 credi
545 1499 699 1562 refflssime
739 1520 828 1562 utem.
846 1499 905 1563 Sed
920 1504 946 1563 ti

268 1580 327 1658 quis
346 1575 411 1655 est,
434 1581 464 1638 in
483 1601 542 1674 quo
556 1578 616 1660 jani
633 1522 807 1655 offenderis,
829 1581 865 1642 de
884 1602 946 1663 quo

267 1658 374 1797 alicpuid
403 1658 545 1734 senser1s3
575 1661 642 1720 huic
666 1663 736 1721 nihil
763 1662 944 1738 credideris,

266 1739 374 1879 ppilsam
402 1758 516 1822 partem
544 1740 761 1804 existimationis
780 1760 836 1804 tuae
857 1762 945 1805 com-

314 1839 382 1880 ens.

303 1898 345 1960 V.
367 1898 403 1961 In
423 1901 573 1981 provincia
590 1901 665 1963 verb
686 1900 746 1982 ipsa
763 1902 786 1960 si
805 1921 892 1984 quem
914 1922 946 1964 es

259 1977 383 2055 uastos,
402 1984 452 2061 qui
473 1985 503 2041 in
522 2000 601 2042 tuam
617 1981 840 2042 familiaritatem
861 1986 945 2063 peni-

264 2076 307 2143 tus
324 2062 456 2136 intrarit,
468 2065 517 2144 qui
531 2064 616 2123 nobis
631 2063 698 2124 ante
711 2061 819 2123 fueriti
840 2080 945 2138 notus;

264 2138 329 2200 lruic
346 2161 487 2221 quantum
505 2143 681 2205 credendum
700 2145 758 2217 sit,
779 2083 868 2204 vide:
883 2163 945 2204 non

263 2223 331 2301 quin
354 2224 468 2302 possint
492 2223 576 2283 multi
601 2221 657 2284 effe
676 2224 867 2304 provinciales
888 2225 944 2284 viri

262 2299 352 2374 honi3
371 2301 423 2362 sed
441 2302 498 2363 hoc
515 2300 628 2383 sperare
644 2305 733 2379 licet,
747 2303 873 2383 judicare
892 2325 945 2384 pe-

261 2381 417 2442 riculosum
435 2381 485 2444 est.
507 2383 608 2445 Multis
628 2387 707 2444 enim
727 2385 944 2446 simulationum

257 2461 424 2523 involucris
447 2466 584 2546 tegitur,
614 2463 645 2524 ὃ(
671 2467 752 2544 quasi
778 2465 851 2524 velis
875 2467 945 2544 qui-

261 2539 383 2603 busdam
403 2542 569 2604 obtenditur
591 2542 807 2623 uniuscujusque
826 2560 947 2606 natura:

260 2619 342 2682 fions
356 2669 367 2699 ‚
383 2624 477 2697 oculi,
492 2626 588 2685 vulms
603 2622 732 2704 persaepe
748 2624 923 2684 mentiuntur
932 2644 944 2698 3

258 2704 356 2764 oratio
375 2704 448 2764 verb
468 2703 633 2784 saepissime.
679 2734 683 2743 .

305 2802 353 2843 η.
370 2781 573 2861 Quamobrem
590 2783 639 2866 qui
656 2798 742 2864 potes
761 2784 886 2866 reperire
905 2803 943 2844 ex

261 2879 298 2923 eo
324 2882 432 2944 genere
453 2865 627 2937 homiuum,
648 2866 696 2944 qui
719 2868 848 2944 pecuniae
864 2867 945 2944 cupi-

261 2943 351 3004 ditate
379 2943 492 3004 adduei
519 2961 635 3006 careant
661 2945 704 3003 his
730 2945 815 3005 rebus
840 2949 942 3004 omni-

260 3020 334 3098 bns,
349 3044 367 3082 a
384 3025 485 3105 quibus
504 3046 558 3085 nos
579 3024 683 3086 divulsi
700 3022 754 3085 effe
771 3046 832 3085 non
848 3025 943 3105 pollu-

260 3121 325 3162 mus
349 3123 360 3176 ;
393 3111 428 3164 te'
453 3123 548 3165 autem
571 3150 581 3180 ‚
602 3107 737 3165 'alienum
766 3105 944 3178 hominem,

260 3201 361 3245 ament
382 3203 419 3244 ex
444 3188 569 3258 animo,
594 3206 627 3245 ac
646 3207 707 3244 non
729 3183 770 3243 sui
793 3186 944 3246 commodi

261 3264 347 3323 causa
360 3265 517 3324 simulent?
533 3264 604 3325 mihi
620 3265 738 3345 quidem
753 3282 944 3344 permagnum

260 3343 377 3404 videtur
386 3364 397 3417 ;
419 3345 573 3424 praesertim
590 3345 615 3403 si
632 3344 721 3405 iidem
737 3343 870 3404 homines
886 3347 945 3423 pri·

260 3439 361 3484 vatum
395 3443 457 3484 non
486 3425 547 3486 fere
579 3444 776 3506 quemquam,
807 3442 944 3503 praetores

261 3501 376 3583 semper
394 3525 498 3565 omnes
518 3522 625 3564 amant.
651 3503 724 3582 Quo
741 3523 899 3585 exgenere
917 3506 942 3565 si

262 3601 350 3662 quem
361 3582 439 3645 forte
450 3589 491 3646 tui
504 3583 634 3687 cognosti
648 3587 837 3643 amantiorem
853 3582 942 3664 (fieri

262 3666 341 3724 enim
357 3669 483 3748 potuit)
504 3686 591 3747 quam
606 3667 763 3744 temporis,
777 3663 852 3723 hunc
871 3665 942 3727 verb

261 3743 299 3805 ad
314 3764 397 3807 tuum
414 3767 566 3810 numerum
577 3747 699 3806 libenter
715 3743 880 3885 adppribito:
897 3747 943 3808 siu

796 3847 826 3888 ιν
