2409 5492
288 1220 369 1317 362
439 1214 822 1282 Errsrorrrvrr

289 1334 336 1415 gis
351 1328 483 1412 poeticis.
498 1326 593 1385 Modo
608 1326 680 1384 mihi
695 1326 764 1387 date
779 1322 964 1398 Britanniam,

289 1433 378 1493 quam
410 1428 526 1489 pingam
551 1406 700 1467 coloribus
728 1410 819 1482 tuis,
846 1407 965 1487 penicillo

291 1511 372 1552 meo.
390 1489 448 1550 Sed
465 1488 534 1567 quid
551 1487 631 1569 ago?
652 1490 738 1568 quod
757 1490 835 1549 milti
852 1508 966 1568 tempus,

291 1572 397 1633 Romae
418 1568 595 1650 prelertim,
612 1586 644 1627 ut
660 1567 714 1628 ilie
730 1590 782 1630 me
800 1590 905 1651 rogat,
921 1589 967 1626 ua·

291 1654 403 1719 nenti,
430 1670 554 1709 vacuum
576 1646 768 1709 ostenditur?
797 1649 850 1710 sed
866 1650 969 1711 videro:

291 1729 409 1791 fortatle
430 1731 508 1789 enim
528 1732 544 1805 (
558 1748 590 1788 ut
610 1727 643 1787 fit
664 1733 678 1801 )
698 1734 807 1790 vincet
832 1750 895 1792 tuus
909 1749 971 1788 arnor

295 1832 401 1871 omnes
429 1808 619 1869 difficultates.
645 1809 834 1871 Trebatium
858 1807 972 1892 qubdad

296 1892 327 1952 se
352 1890 497 1962 miserim,
516 1889 639 1970 persalse
660 1890 694 1949 &
718 1895 888 1953 humaniter
904 1892 973 1952 etiam

299 1976 403 2054 gratias
428 1972 497 2031 mihi
521 1973 602 2052 agit:
628 1976 853 2052 negat-enim,
868 1978 896 2034 in
915 1990 973 2032 tanta

297 2053 482 2113 multitudine
496 2070 616 2123 eorum,
628 2055 679 2131 qui
694 2056 758 2113 una
774 2053 886 2129 ell'ent,
899 2072 974 2133 quen·

299 2153 389 2213 quam
412 2131 515 2199 fuille,
540 2135 590 2209 qui
610 2133 827 2194 vadimonium
847 2138 974 2213 concipere

299 2210 403 2291 pollet.
426 2210 471 2269 Μ.
493 2208 597 2270 Curtio
619 2216 812 2274 tribunatum
834 2219 870 2276 ab
889 2237 922 2275 eo

299 2294 354 2351 tivi
373 2296 468 2365 (nam
486 2288 638 2352 Domitius
655 2293 684 2353 se
706 2296 845 2357 derideri
861 2232 975 2378 puell:

302 2374 328 2430 si
345 2369 416 2431 ellet
435 2394 453 2431 a
471 2391 517 2430 me
538 2392 677 2432 rooatus:
698 2377 759 2435 hoc
781 2380 866 2437 enim
886 2371 981 2451 ellel&

302 2452 532 2532 quotidianum,
563 2424 593 2513 1ss
620 2474 658 2513 ne
687 2457 850 2518 tribunum
883 2458 977 2517 militum
1058 2523 1060 2534 ἵ

303 2533 423 2613 quidem
451 2532 567 2593 facere:
597 2536 686 2593 etiarn
718 2540 750 2596 in
780 2539 884 2601 senatu
908 2538 977 2606 lusit,
1055 2546 1060 2572 ⁴

307 2615 437 2694 Appium
460 2615 602 2695 collegam
624 2635 796 2694 propterea
818 2621 870 2680 ille
892 2614 978 2678 adCa·
1050 2603 1060 2711 J

308 2694 424 2765 sarem,
448 2713 479 2753 ut
501 2695 625 2773 aliquem
649 2697 844 2760 tribunatum
861 2697 976 2766 auferret)
1051 2759 1060 2778 ⁴

307 2774 358 2833 sed
386 2777 416 2832 in
446 2775 567 2833 alterum
595 2796 705 2834 annum
729 2800 738 2837 :
771 2782 804 2840 id
834 2784 868 2842 δι
894 2779 977 2841 cuno
1048 2783 1060 2829 :

308 2856 350 2913 ita
363 2854 490 2913 volebat.
510 2854 576 2925 Tu,
594 2860 864 2936 quemadmodum
882 2884 924 2922 me
934 2877 978 2918 ceo·
1046 2841 1060 2874 ¹

308 2933 352 2992 ses
382 2952 520 3011 oportere
556 2935 611 2995 elle
640 2939 669 2995 in
699 2945 894 3020 republica,
920 2940 980 3001 &it

308 3010 411 3071 nollris
443 3016 626 3088 inimicitiis,
654 3020 695 3076 ita
721 3021 755 3078 &
781 3024 868 3098 elle,
895 3019 981 3082 &fote
1050 3003 1060 3033 ⁴

310 3093 434 3151 auriculi
453 3092 552 3153 infimi
572 3095 642 3155 scito
659 3100 853 3166 molliorem.
873 3104 926 3164 Res
940 3100 983 3159 llo·
1038 3081 1060 3116 ί

311 3194 404 3234 manae
421 3172 448 3233 le
467 3176 506 3233 sic
524 3176 678 3237 habebant.
693 3177 766 3241 Erat
784 3188 926 3245 nonnulla
940 3180 983 3260 spes
1035 3163 1060 3198 Π

312 3257 520 3325 comitiorum,
539 3256 589 3315 sed
605 3261 734 3319 incerta:
757 3284 839 3325 erat·
856 3268 941 3345 aliqua
954 3260 966 3320 s
976 3287 985 3301 ·
1035 3244 1060 3279 Π

313 3335 403 3394 licio
429 3335 594 3409 didaturae,
623 3359 659 3396 ne
690 3361 730 3399 ea
755 3348 886 3421 quidem
908 3358 985 3404 certa:

313 3360 455 3476 AEmmum
477 3420 568 3477 otium
588 3416 733 3493 forense,
762 3425 819 3484 l‘ed
843 3422 986 3488 senescentis
1031 3466 1060 3521 ᾗ

1032 3402 1055 3442 tr

314 3500 405 3577 magis
428 3499 569 3565 civitatis,
606 3498 674 3556 uim
693 3507 924 3582 acquiescentis.
937 3504 987 3563 Set·

314 3579 405 3636 tentia
425 3596 521 3637 autem
546 3520 638 3637 nodra
658 3582 688 3638 in
714 3580 825 3646 senatu
849 3583 987 3665 ejusmodi,

316 3678 364 3715 ma
387 3661 409 3715 is
435 3677 466 3717 ut
493 3661 538 3717 alii
566 3660 649 3718 nobis
679 3659 899 3742 assentiantur,
924 3665 987 3747 qulffl
1032 3646 1060 3737 ,ll

315 3679 494 3820 nollnetipsi.
505 3744 615 3801 'saluii'
633 3743 646 3801 ι’
662 3741 773 3819 walpur
793 3759 927 3830 πέλεμῷι
940 3743 989 3819 r'lrr.
1031 3728 1060 3845 ἱ
