2409 5492
240 1109 295 1202 84
391 1106 814 1185 Errsrontrtuut·

238 1224 331 1297 boni,
344 1220 487 1301 nostrique
498 1220 677 1302 rogatrosio'm
690 1221 740 1282 lon
761 1221 777 1279 ὸ
810 1218 927 1285 entim

239 1304 351 1365 absunt.
371 1302 458 1363 Pansa
483 1301 617 1371 &sentit
635 1302 730 1374 bene,
742 1241 779 1361 {t
791 1239 927 1381 doquitur

239 1384 373 1453 fortiter:
395 1383 505 1443 Hirtius
530 1379 625 1442 noster
644 1382 751 1443 tardiits
770 1380 927 1443 convales-

239 1467 290 1527 cit.
304 1463 388 1545 Quid
405 1463 531 1525 futurum
551 1466 606 1536 sit,
621 1462 705 1541 plane
724 1462 832 1521 nescio.
847 1460 868 1521 S
892 1481 928 1523 es

239 1561 339 1607 tamen
361 1568 419 1615 una
435 1543 498 1618 est,
515 1541 669 1622 aliquando
693 1543 836 1622 populum
885 1563 928 1602 o-

238 1646 359 1695 manum
378 1623 521 1704 majorum
536 1623 659 1683 similem
672 1622 746 1684 fore.
765 1621 830 1716 Ego
844 1623 927 1684 certe

239 1706 405 1787 reipublicae
422 1726 483 1767 non
496 1706 585 1764 deero
600 1748 610 1776 ,
625 1701 673 1776 δι,
692 1703 833 1784 quidquid
850 1704 931 1763 acci-

242 1786 342 1862 derit,
368 1809 386 1847 a
413 1808 474 1867 quo
506 1805 574 1844 mea
596 1784 681 1861 culpa
707 1785 801 1858 absit,
824 1786 925 1847 animo

240 1867 312 1935 forti
338 1868 439 1929 feram.
467 1866 542 1927 Illud
568 1862 720 1943 profedb,
748 1863 844 1944 quoad
865 1885 930 1944 po·

240 1965 331 2018 tero,
351 1964 428 2008 tuam
444 1946 550 2007 famam
570 1945 601 2003 δι
622 1944 651 2003 di
672 1947 792 2007 nitatem
809 1944 929 2005 tuebor.

241 2026 281 2090 A.
309 2027 338 2088 d.
362 2045 435 2087 x111.
461 2026 528 2086 Kal.
557 2024 621 2085 Jan.
649 1965 761 2084 igttnatus
787 2023 930 2105 frequens

241 2108 315 2177 mihi
337 2104 378 2169 est
394 2105 535 2178 affensus,
553 2127 644 2186 quum
662 2105 699 2165 de
717 2109 819 2166 ceteris
837 2106 930 2167 rebus

240 2191 355 2269 magnis
374 2188 407 2247 &
424 2185 582 2248 neceffariis
594 2231 604 2260 ‚
618 2204 680 2245 tum
696 2185 732 2245 de
769 2187 930 2261 rovinciis,

242 2268 280 2328 ab
301 2270 334 2327 iis
354 2271 402 2349 qui
424 2270 610 2341 obtinerent,
626 2207 803 2340 retinendds,
827 2284 929 2348 neque

243 2349 378 2428 cuiquam
399 2348 571 2420 tradendis,
598 2350 653 2406 nisi
674 2349 721 2426 qui
743 2366 780 2407 ex
796 2345 928 2407 senatus-

240 2427 374 2499 consulto
398 2427 578 2489 successiffet.
599 2427 667 2486 Hoc
688 2447 743 2508 ego
766 2447 854 2508 quum
869 2430 928 2488 rei·

241 2508 367 2603 publicae
390 2510 474 2569 causi
501 2509 595 2570 censui
610 2552 620 2580 ‚
634 2520 718 2581 tum,
738 2507 930 2582 mehercule,

242 2610 274 2671 tn
289 2593 392 2671 primis
403 2584 559 2651 retinendae
573 2589 717 2669 dignitatis
726 2605 792 2647 tuae.
806 2585 927 2667 Quam·

243 2670 347 2731 obrem
367 2690 397 2731 te
414 2674 519 2730 amoris
539 2667 626 2728 nostri
647 2668 733 2729 causi
753 2689 848 2751 rogo,
867 2671 929 2730 rei·

242 2749 369 2831 publicae
399 2752 484 2810 causti
512 2751 634 2822 hortor,
655 2767 686 2809 ut
710 2769 747 2810 ne
773 2752 818 2811 cui
839 2751 927 2830 quid·

242 2849 332 2910 quam
351 2826 419 2905 juris
438 2832 536 2905 intua
554 2832 703 2910 provincia
722 2827 778 2890 ess'e
797 2831 905 2910 patiare
915 2850 927 2904 3

241 2927 330 2988 atque
355 2927 387 2969 ut
408 2911 506 2969 omnia
533 2910 640 2970 referas
668 2910 705 2969 ad
728 2910 897 2991 dignitatem
911 2941 930 2985 ·,

242 2989 303 3070 qua
333 2989 402 3049 nihil
428 2989 522 3070 potest
547 2989 604 3052 effe
634 2989 817 3070 praestantius.
844 2990 931 3051 Vere

242 3085 340 3135 tenum
357 3093 373 3131 a
394 3092 458 3144 am,
475 3088 507 3131 ut
523 3070 703 3132 necessitudo
718 3069 813 3131 nostra
826 3069 928 3151 postu·

241 3150 293 3215 lat.
319 3148 352 3211 ln
374 3091 573 3234 {emmonim
596 3154 619 3210 si
641 3154 713 3210 meis
739 3151 838 3211 litteris
866 3151 929 3211 ob·

241 3230 455 3312 temperaffes,
476 3235 630 3292 maximam
652 3232 688 3290 ab
709 3233 843 3291 omnibus
860 3231 928 3295 lau·

240 3311 312 3371 dem
326 3312 446 3394 adeptus
460 3312 540 3372 effes.
559 3311 619 3372 Sed
637 3311 706 3371 illud
723 3313 753 3371 8<
770 3315 931 3393 praeteriit,

242 3391 382 3457 &levius
398 3391 448 3453 est.
465 3392 537 3452 Haec
551 3412 655 3473 magna
668 3413 712 3452 res
726 3390 775 3453 est.
793 3391 871 3465 Fac,
890 3410 930 3455 ut

240 3475 421 3610 ssrovinciatn
430 3476 552 3535 retineas
563 3475 592 3532 in
602 3471 742 3551 potestate
751 3472 931 3554 reipublicae.

265 3550 325 3611 lura
340 3552 527 3635 scripsiffem‚
543 3556 596 3614 nisi
610 3555 651 3613 tui
663 3552 837 3625 festinarent.
858 3552 929 3623 lra-

242 3648 300 3710 que
318 3629 468 3718 Cherippo
479 3634 586 3705 nostae
604 3655 655 3697 me
670 3635 762 3699 velim
776 3632 904 3697 excuses.
