2409 5492
419 1208 489 1269 Ao
525 1197 780 1271 anrrrrre
863 1213 942 1296 443

258 1313 341 1383 uerba
362 1313 442 1373 rebus
459 1311 508 1391 effe
532 1314 680 1374 contraria.
705 1315 783 1396 Quid
799 1311 868 1374 eninr
886 1332 944 1374 tane

258 1398 380 1463 alienum
395 1396 430 1454 ab
440 1397 566 1457 brunonis
574 1395 703 1475 sensibus
714 1397 769 1476 est,
787 1397 867 1473 qua'rn
886 1404 952 1456 eunt'

255 1479 348 1561 patris
357 1476 453 1536 habere
464 1476 546 1548 loco,
561 1479 652 1555 quine
667 1477 745 1536 liberi
761 1479 868 1556 quidem
888 1479 945 1538 ito-

258 1561 341 1619 rninis
370 1579 477 1617 numero
504 1558 574 1618 sit?
595 1559 685 1636 Atqui
712 1556 742 1617 ιὸ
771 1559 886 1631 tendit,
912 1556 947 1617 ie

259 1641 339 1721 agit,
356 1641 396 1697 ad
410 1660 470 1697 eunt
484 1641 588 1697 exitum
598 1657 729 1719 properat
744 1640 790 1698 vir
802 1639 946 1719 optimus,

259 1735 290 1783 ut
305 1722 343 1779 sit
356 1718 403 1778 iili
425 1722 558 1779 Oilaoius
569 1721 717 1799 propitius.
733 1721 795 1801 Ego
811 1719 874 1779 uero
880 1715 945 1797 J’attt

258 1801 302 1862 iir·
316 1800 422 1869 artibus
442 1801 515 1859 nteit
533 1800 643 1870 tribuo,
664 1801 764 1879 quibus
777 1801 838 1881 scio
866 1801 944 1867 Cice·

259 1903 350 1942 renent
369 1883 596 1961 infirmissimum
618 1878 676 1959 effe.
698 1883 781 1962 Quid
805 1882 873 1941 enirn
897 1879 948 1947 illi

255 1961 389 2044 prosunt,
410 1980 468 2040 qua
480 1983 531 2041 pro
543 1962 666 2021 libertate
680 1965 797 2042 patria,
810 1963 842 2019 de
856 1960 948 2040 digni-

259 2060 340 2112 tare,
360 2063 418 2120 quet
440 2045 473 2101 de
500 2061 582 2102 rnorte
596 2086 609 2113 ,
635 2043 762 2115 exsilio,
783 2057 945 2122 paupertate

252 2122 369 2203 scripsit
385 2122 602 2200 copiosissimi?
625 2123 737 2203 Quanti
757 2142 844 2187 autent
857 2123 950 2202 tnagis¹

259 2203 315 2271 illa
334 2203 433 2261 tallere
449 2205 557 2264 uidetur
568 2203 721 2283 Philippus
735 2247 746 2275 ,
762 2206 810 2282 qui
817 2204 947 2285 privigno

259 2281 352 2344 ninus
366 2284 506 2357 tribuerit,
518 2285 598 2362 quint
609 2285 703 2343 Cicero
712 2279 803 2351 alieno
817 2283 945 2353 tribuat?

259 2366 388 2424 Desinat
405 2366 487 2444 igitur
502 2365 647 2444 gloriando
659 2366 739 2422 etiarn
757 2363 880 2442 insedari
893 2365 948 2429 do·

260 2445 333 2505 iores
350 2447 460 2525 nostros.
477 2446 556 2524 Quid
572 2444 641 2502 enim
658 2444 745 2525 nostrii
754 2487 766 2517 ‚
788 2445 885 2515 uiblurn
898 2441 948 2520 effe

261 2527 444 2595 Antonium,
472 2527 497 2582 si
521 2527 609 2583 vitius
634 2525 667 2604 ιβ
677 2565 689 2594 ,
710 2541 741 2584 ut
762 2525 815 2584 alii
836 2539 949 2584 uacaret

281 2608 337 2666 uod
349 2606 397 2665 ille
414 2606 531 2667 obtinuit
549 2607 565 2663 ?
580 2608 688 2665 tametsi
710 2624 761 2669 tua
785 2604 880 2667 littera
893 2606 951 2663 du·

261 2629 310 2756 iio
329 2689 410 2747 etiam
438 2706 511 2745 nune
533 2685 699 2766 significant.
729 2686 814 2747 Vivat
843 2682 950 2744 hercule

263 2769 381 2837 Cicero,
405 2769 451 2845 qui
466 2766 572 2846 potest,
590 2764 711 2846 supplex
740 2766 767 2824 6·
789 2765 951 2837 obnoxius,

263 2849 292 2907 si
306 2869 391 2926 neque
408 2849 515 2918 utaris,
535 2868 619 2925 neque
637 2847 786 2919 honorum,
802 2866 886 2924 neque
906 2866 951 2903 re·

263 2948 324 2988 runt
341 2927 470 3008 gelianum
494 2929 590 3007 pudet.
612 2928 673 3006 Ego
693 2927 781 2998 certi,
801 2929 866 3006 quin
890 2945 951 2986 cunt

263 3011 295 3089 ip
308 3031 326 3067 a
344 3008 487 3067 rebellum
506 3029 618 3088 geram,
639 3007 759 3086 hatest,
779 3027 838 3071 cum
850 3028 950 3087 regno,

266 3089 428 3168 &imperiis
441 3090 690 3160 extraordinariis,
705 3089 732 3149 fe
747 3089 953 3162 dominatione,

267 3170 433 3249 &potentia
444 3213 456 3239 ‚
475 3191 532 3247 qua
551 3170 636 3248 supra
656 3169 727 3248 leges
740 3167 772 3244 se
790 3165 838 3244 effe
860 3167 929 3232 uelit
940 3208 955 3237 ,

266 3251 349 3312 nulle
368 3250 417 3308 erit
435 3267 490 3307 tant
507 3249 579 3308 bona
596 3250 715 3308 conditio
727 3248 886 3327 serviendi,
914 3246 954 3309 uti

266 3332 402 3390 deterrear
411 3373 424 3400 ,
438 3331 565 3408 quamuis
582 3330 621 3388 sit
638 3330 683 3387 uir
707 3328 794 3388 bonus
807 3345 870 3401 ,ut
881 3268 955 3406 firi-2

267 3410 335 3484 iis,
355 3414 498 3472 Antonius
515 3432 524 3470 .·
544 3410 617 3487 quod
631 3430 677 3490 ego
689 3429 836 3487 numquam
859 3407 957 3488 existi-

268 3492 355 3556 maui.
376 3493 434 3552 Sed
448 3492 603 3560 dominum,
623 3499 655 3548 n'e
670 3506 808 3570 parentem
824 3490 955 3568 quidem,

270 3569 388 3650 majores
409 3573 489 3652 nostri
510 3574 655 3632 voluerunt
676 3567 735 3647 effe.
758 3573 796 3630 Te
815 3570 871 3631 nisi
894 3586 959 3630 tatt-

268 3671 327 3717 tunu
350 3674 486 3726 amarem,
504 3668 635 3731 quantum
655 3652 779 3713 Ciceroni
802 3647 961 3729 perfitosm'

268 3733 307 3811 est
326 3732 407 3812 diligi
429 3733 460 3814 se
484 3734 520 3794 ab
547 3733 663 3797 Oiiavio
684 3775 695 3803 ,
722 3732 842 3870 WTM·
863 3746 887 3793 te
909 3733 964 3793 nuti

814 3830 844 3892 V]
