2409 5492
321 1282 373 1361 42
472 1268 840 1335 Entsrotanutt

322 1396 474 1460 extorquere
493 1400 634 1441 conantur.
656 1382 712 1440 Sed
726 1380 798 1438 nihil
814 1396 908 1460 agitne.
924 1376 1005 1438 Nul-

321 1462 377 1520 lius
397 1482 522 1540 umquam
538 1463 656 1540 periculi
675 1460 819 1519 terroribus
835 1461 869 1517 ab
888 1459 1002 1540 officio,

321 1560 371 1600 aut
400 1541 435 1599 ab
463 1543 629 1601 humanitate
658 1539 830 1619 desciscam:
856 1558 1003 1618 numquam

319 1624 391 1679 ¹enim
420 1623 553 1701 honestam
581 1641 689 1681 mortem
715 1619 874 1702 fiagiendam
894 1664 903 1693 ,
927 1619 1003 1698 saepe

323 1704 405 1759 etiam
433 1704 610 1781 oppetendam
634 1703 745 1781 putavi.
772 1702 829 1759 Sed
848 1701 915 1778 quial
937 1699 1005 1758 milti

316 1780 475 1860 flaccensent
493 1826 505 1852 ‚
533 1784 558 1840 si
586 1785 618 1842 id
641 1800 730 1861 opto,
758 1797 788 1838 ut
804 1782 936 1861 paeniteat
957 1798 1003 1840 eos

317 1861 365 1940 sui
374 1860 471 1939 fiatri?
491 1863 579 1942 Cupio
596 1864 665 1921 enim
687 1859 802 1939 Ceſsatis
821 1876 929 1918 mortem
945 1878 1004 1918 om·-

323 1943 405 2000 nibns
430 1938 479 2016 effe
507 1943 640 2000 acerbam.
672 1945 714 1999 At
743 1941 823 1998 debeo
846 1956 897 2018 pro
924 1939 1004 1998 ciuili

320 2040 400 2101 parte
420 2021 610 2099 rempublicam
625 2020 696 2078 uelle
704 2020 828 2098 firluam.
845 2022 880 2078 lel
897 2020 1005 2096 quidem

323 2121 363 2158 me
383 2119 497 2180 cupere,
517 2102 573 2159 nisi
597 2099 705 2158 &anti
724 2104 784 2157 alia
804 2084 863 2158 viel
885 2102 912 2156 rr
934 2099 1005 2158 reli-

323 2201 379 2259 qua
396 2201 454 2236 mea
466 2180 550 2259 spes,
567 2197 672 2238 tacente
687 2200 746 2253 me,
760 2180 874 2259 probat,
889 2178 1004 2238 dicendo

323 2261 430 2320 vincere
443 2279 497 2318 non
509 2260 625 2340 postulo.
645 2263 737 2339 Quare
755 2256 883 2339 majorem
898 2259 927 2317 itt
942 2281 1005 2318 mo*

324 2341 428 2399 eluente
449 2360 532 2420 rogo,
554 2357 583 2399 ut
601 2360 653 2397 rem
667 2341 797 2418 potiorem
813 2340 934 2398 oratione
952 2340 1006 2398 du*

325 2439 394 2479 cas:
412 2422 549 2497 mihique,
565 2422 591 2480 si
601 2420 689 2498 semis
707 2421 832 2499 expedire
849 2422 913 2478 reme*
924 2419 1005 2497 fieri,

252 2523 255 2526 ·
303 2561 305 2564 ,
325 2501 421 2560 credas
446 2501 551 2560 nnllam
571 2501 780 2560 communionem
800 2516 859 2557 cum
874 2500 1006 2578 improbis

325 2577 374 2657 effe
400 2578 482 2659 poffe.
513 2583 564 2640 An
592 2581 666 2659 quod
692 2579 847 2656 adolescens
867 2581 1004 2660 prostiti,

325 2681 406 2754 quam
424 2657 504 2720 etiam
522 2680 609 2718 errare
625 2676 685 2718 cum
700 2663 871 2737 excusatione
887 2657 1005 2738 poffem,

325 2741 358 2799 td
381 2760 474 2812 nunc,
505 2756 582 2799 atate
601 2740 798 2819 praecipitasti,
823 2754 976 2798 commutem
993 2783 1007 2810 ,

328 2839 363 2878 ac
380 2838 420 2876 me
437 2819 493 2897 ipse
513 2820 659 2878 retexam?
676 2822 744 2876 Nou
756 2818 884 2896 ficiam,
901 2838 1007 2898 neque,

326 2899 401 2978 quael
428 2898 593 2978 displiceat,
625 2901 807 2969 committam,
828 2912 1008 2978 praeterquam

326 2976 401 3056 quoa
417 2979 534 3038 hominis
559 2978 625 3037 miii
649 2974 883 3055 conjuntlissimi,
902 2998 935 3037 ae
953 2979 1008 3038 uiti

326 3057 490 3136 amplissimi
510 3059 588 3118 doleo
611 3074 720 3138 gravem
745 3060 845 3137 castam.
874 3058 959 3137 Quod
980 3058 1008 3118 si

326 3136 409 3196 aliter
424 3136 498 3216 effem
514 3142 676 3211 animatos,
699 3158 862 3217 numquam,
878 3137 1008 3216 quodfer·

326 3234 431 3288 cerem,
450 3238 571 3302 negarem
580 3239 593 3290 ,·
613 3237 647 3278 ne
665 3219 691 3278 θ
709 3221 738 3277 in
753 3220 892 3306 peccando
907 3223 1009 3298 impro-

325 3298 398 3369 lus‚
419 3298 446 3357 6¹
468 3303 497 3358 in
517 3300 715 3359 dissimulando
735 3301 848 3358 timidus
866 3312 899 3355 sc
916 3314 1008 3358 uanus

327 3380 499 3458 existimarer.
528 3382 570 3438 At
590 3381 670 3438 ludos
679 3423 690 3449 ,
711 3399 777 3454 qtros
796 3377 909 3456 Caesaris
925 3379 1009 3436 uillo-

328 3458 374 3517 tia
393 3457 481 3536 Caesar
499 3458 654 3536 adolescens
664 3459 759 3536 fecit,
780 3459 884 3520 curari.
916 3460 959 3517 At
977 3459 1010 3516 ta

327 3539 368 3596 ad
381 3539 520 3616 priuatum
541 3538 678 3620 officiam,
703 3561 757 3598 non
780 3543 820 3598 ad
833 3540 932 3617 statum
951 3540 1009 3597 rei·

325 3619 443 3696 publica
472 3620 596 3700 pertinet.
630 3621 714 3700 Quod
737 3637 825 3679 tamen
841 3636 953 3678 munus
981 3618 1011 3677 ὁ·

328 3698 446 3758 hominis
469 3701 627 3759 amicissimi
647 3702 795 3770 memoria,
817 3714 898 3775 atque
919 3701 1010 3757 hono-

329 3774 404 3838 ribus
418 3780 542 3860 prestare
558 3783 640 3842 etiam
657 3780 755 3840 mortui
771 3776 874 3850 oetam
893 3779 924 3839 θ,
936 3777 1012 3865 ομὶι,
