2409 5492
253 1113 278 1184 '8
395 1111 778 1183 Enteroznaun

260 1235 482 1388 pleneus,
505 1305 650 1366 familiaris
674 1305 788 1382 noster,
808 1323 898 1389 quum
917 1327 936 1367 a

255 1403 287 1449 te
317 1388 458 1462 venisset,
488 1406 635 1468 quumque
664 1386 769 1446 Romae
796 1387 937 1468 quosdam

256 1466 318 1527 dies
340 1483 590 1540 commoraretur,
610 1487 667 1548 ego
686 1487 764 1528 eram
785 1469 814 1526 in
836 1469 870 1527 iis
887 1467 938 1527 lo-

256 1549 323 1621 cis,
342 1551 372 1607 in
392 1549 494 1628 quibus
515 1549 641 1607 maxime
660 1567 708 1608 me
725 1548 789 1608 tuto
812 1545 869 1607 elle
887 1569 939 1606 an·

258 1625 392 1690 birrabar.
411 1627 455 1688 El>
478 1627 583 1688 fabium
601 1624 661 1702 est,
681 1643 713 1688 ut
735 1628 772 1687 ad
791 1644 820 1687 te
840 1625 939 1708 Lupus

259 1709 322 1768 aine
350 1711 423 1771 meis
452 1710 553 1770 litteris
575 1708 705 1781 rediret,
732 1727 820 1788 quum
839 1721 939 1767 tamen

261 1786 380 1849 curasset
400 1807 462 1848 tuas
480 1789 581 1848 adme
599 1787 794 1866 perferendas.
810 1785 939 1846 Romam

260 1885 358 1927 autem
386 1870 455 1928 veni
481 1891 507 1927 a.
520 1867 555 1927 .d.
580 1889 613 1928 v.
641 1866 708 1926 Idus
735 1867 939 1945 Decembris,

260 1966 316 2007 nec
335 1945 421 2006 habui
437 1948 596 2028 quidquam
617 1947 776 2029 antiquius,
799 1946 886 2026 quim
908 1962 941 2007 ut

259 2024 379 2087 Pansam
391 2026 486 2088 {latim
503 2029 711 2099 convenirem
727 2047 763 2087 ex
777 2048 837 2107 quo
853 2047 889 2087 ea
902 2025 940 2088 de

259 2122 290 2167 te
305 2111 451 2189 cognovi,
462 2129 527 2190 quae
538 2108 664 2168 maxime
677 2108 825 2188 optabam.
837 2105 941 2185 Quare

261 2186 425 2249 hortatione
455 2207 487 2250 tu
514 2188 632 2268 quidem
658 2209 718 2248 nott
746 2206 837 2269 eges,
861 2189 885 2246 si
902 2188 942 2250 ne

263 2268 313 2327 illa
335 2269 453 2349 quidem
474 2272 505 2329 in
527 2289 582 2343 re,
611 2289 675 2348 quae
702 2290 719 2328 a
744 2285 773 2328 te
800 2264 876 2349 gesta
901 2265 944 2328 est

263 2345 329 2429 post
350 2349 502 2409 hominum
520 2351 692 2409 memoriam
713 2348 857 2420 maxima,
874 2345 944 2407 hot·

263 2445 389 2489 tatorem
407 2427 582 2492 desiderasti.
606 2428 681 2489 Illud
701 2445 798 2488 tamen
816 2427 944 2488 brevitet

264 2509 482 2589 significandum
500 2510 641 2583 videtur,
668 2508 810 2589 populum
827 2505 943 2567 Roma-

266 2609 337 2646 num
355 2592 453 2648 omnia
470 2611 487 2646 a
507 2607 536 2665 te
559 2587 741 2668 exspeilare,
761 2604 845 2667 atque
866 2589 897 2646 in
913 2604 943 2650 te

265 2669 421 2746 aliquando
443 2688 511 2728 recu
533 2668 646 2728 etandae
663 2667 801 2728 libertatis
824 2686 945 2727 omnem

265 2744 352 2824 spem.
365 2767 484 2826 ponere.
506 2691 573 2820 i'u,
592 2749 616 2806 si
632 2746 693 2807 dies
711 2745 865 2827 nollesque
883 2767 945 2808 me·

267 2829 384 2887 mineris
416 2826 532 2908 (quod
559 2843 588 2887 te
616 2825 711 2887 facere
740 2829 821 2888 certi>
850 2825 907 2886 scio
931 2825 945 2908 )

267 2923 404 2985 quantam
428 2928 490 2971 rem
516 2905 658 2988 gefferis3
686 2928 748 2967 non
776 2905 947 2970 obliviscere

268 2984 419 3065 profeilb,
434 3005 547 3068 quantae
561 2987 613 3047 tibi
627 2989 714 3048 etiam
726 3007 801 3046 nunc
812 2987 947 3069 gerendae

268 3068 334 3126 sint.
351 3065 381 3126 Si
400 3070 478 3126 enim
493 3065 542 3127 iste
560 3069 741 3147 provinciam
759 3066 854 3127 nactus
870 3068 947 3140 erit,

270 3147 316 3205 cui
334 3146 451 3226 quidem
469 3167 526 3229 ego
540 3147 653 3228 semper
666 3150 771 3206 amicus
787 3145 850 3219 fui,
866 3162 948 3208 ante·

309 3245 356 3284 am
375 3226 456 3284 illum
476 3228 605 3291 intellexi
627 3248 687 3289 non
710 3227 801 3286 modi>
818 3249 835 3284 a
856 3225 947 3298 erte,

282 3305 318 3365 ed
338 3307 424 3366 etiam
442 3305 565 3366 libenter
583 3328 649 3366 cum
669 3307 816 3387 republica
835 3247 948 3364 bellum

308 3405 387 3462 rere;
408 3386 488 3468 spem
509 3387 647 3468 reliquam
665 3388 773 3448 nullam
791 3384 879 3445 video
899 3383 948 3463 saf-

268 3405 345 3523 fuetis.
368 3466 570 3545 Quamobrem
586 3484 616 3528 te
632 3466 751 3528 obsecro
767 3465 868 3526 iisdem
884 3485 951 3545 pre-

269 3542 368 3619 cibus,
381 3549 483 3625 quibus
498 3548 628 3622 senatuo,
644 3544 821 3628 populusque
838 3543 950 3609 Roma-

269 3641 322 3683 nus
332 3667 344 3696 ,
373 3642 404 3686 ut
423 3628 642 3712 inperpetuum
663 3626 871 3709 rempublicam
888 3625 950 3687 do-
