2409 5492
218 1243 298 1343 382
350 1241 727 1309 Errsrornnurr

218 1349 661 1430 vrvypaeformidotaddoetiam
669 1348 908 1413 malevolentiam
940 1398 946 1403 -

220 1438 390 1506 hominum3
412 1433 443 1491 &
466 1433 584 1503 timeo,
608 1452 646 1491 ne
667 1433 727 1504 illi,
746 1452 793 1493 me
814 1455 907 1493 accu-
951 1456 954 1503 ς

219 1516 297 1578 sante
316 1513 447 1593 ,aliquid
468 1511 599 1584 accidar3
625 1531 681 1572 nec
704 1512 826 1593 despero
834 1534 908 1574 *tem
952 1522 954 1543 ²

222 1598 253 1656 &
278 1598 339 1655 sine
363 1615 433 1665 me,
454 1592 486 1650 &
506 1593 638 1652 nonnihil
659 1614 712 1674 per
732 1614 781 1654 me
803 1593 908 1654 confici

221 1674 312 1756 polle.
345 1675 394 1735 De
415 1673 523 1732 ambitu
544 1672 677 1753 postulati
696 1673 760 1734 sunt
781 1694 908 1747 omnes,

220 1760 271 1837 qui
290 1756 467 1815 consulatum
510 1772 590 1814 etunt
601 1774 636 1814 :a
653 1754 823 1828 Memmio,
843 1755 909 1816 Do·

223 1839 341 1896 mitius:
366 1859 381 1895 a
404 1835 449 1913 Q.
504 1836 577 1893 urrio
599 1879 610 1907 ,
633 1836 716 1895 bono
740 1837 907 1896 &erudito

224 1917 426 1988 adolescente,
448 1914 626 1992 Memmius:
644 1938 662 1975 a
679 1915 723 1995 Q.
742 1916 908 1997 Pompeio,

223 1997 372 2058 Mellalla:
393 2019 410 2055 a
430 1994 566 2069 Triario,
583 1995 713 2056 Scaurus.
732 1995 848 2078 Magna
864 2016 908 2057 res

224 2080 254 2138 in
276 2097 356 2137 motu
375 2075 443 2148 est3
471 2095 628 2156 propterea
647 2076 725 2157 quod
745 2096 794 2136 aut
810 2078 909 2137 homi-

223 2179 324 2231 num,
351 2175 400 2217 aut
426 2159 525 2237 legum
554 2160 679 2217 interitus
712 2154 903 2216 ostenditur:

223 2258 315 2317 opera
336 2237 436 2308 datur,
455 2255 487 2296 ut
507 2234 614 2313 judicia
631 2259 667 2298 ne
688 2235 776 2297 fiant:
797 2257 844 2296 res
860 2238 907 2296 vi-

222 2319 308 2378 detur
332 2318 457 2399 speuare
476 2318 513 2377 ad
532 2322 740 2401 interregnum.
764 2315 910 2378 Consules

225 2398 470 2459 comitia'hrbere
494 2403 614 2479 cupiunt
635 2423 645 2458 t
670 2403 712 2459 rei
734 2399 861 2472 nolunt,
879 2398 910 2457 &

226 2481 350 2551 maximi
368 2480 541 2553 Memmius,
556 2480 636 2560 quod
646 2477 770 2540 Caesaris
785 2480 910 2541 adventu

227 2560 255 2621 se
276 2561 368 2641 sperat
387 2560 513 2621 futurum
533 2560 680 2620 consulem
700 2581 709 2619 ι
737 2558 789 2620 sed
808 2563 911 2620 mirum

228 2644 258 2702 in
278 2643 399 2703 modum
419 2639 501 2718 jacet.
523 2641 672 2701 Domitius
690 2660 760 2701 cum
782 2638 909 2700 Mellalla

226 2741 321 2782 certus
341 2720 396 2782 esse
416 2723 590 2782 videbatur:
612 2722 737 2782 Scaurus
757 2720 908 2781 refrixerat.

228 2803 343 2882 Appius
368 2805 428 2863 sine
458 2804 522 2883 lege
552 2800 670 2861 Curiata
701 2800 855 2862 confirmat
880 2800 907 2861 se

228 2883 352 2941 Lentulo
373 2884 470 2942 nolito
494 2880 701 2941 l'uccellurum:
728 2882 908 2964 quiquidem

228 2961 361 3020 mirificus
388 2963 437 3021 illo
460 2964 506 3022 die
529 2963 639 3044 (quod
658 2984 735 3042 pene
756 2965 905 3044 praetetii)

226 3039 280 3098 fuit
301 3044 329 3099 in
350 3039 535 3102 Gabinium:
562 3043 707 3104 accusavit
732 3042 909 3122 majestatis:

226 3126 346 3180 nomina
365 3122 448 3195 dara,
467 3145 555 3204 quum
574 3126 622 3184 ille
642 3126 767 3184 verbum
790 3125 910 3184 nullum.

227 3202 326 3263 Habes
345 3203 481 3264 forensia.
498 3204 591 3264 Domi
612 3205 709 3279 telle,
731 3208 763 3265 ὃ(
780 3206 841 3286 ipsa
857 3206 910 3263 do·

227 3305 290 3342 mus
311 3307 327 3344 a
347 3287 575 3366 redemptoribus
594 3285 727 3347 trailatur
751 3309 815 3349 non
834 3285 910 3347 indi-

228 3365 356 3442 ligenter.
373 3366 459 3427 Vale.
