2409 5492
382 1284 452 1336 An
488 1266 738 1340 Bauru'nr.
819 1272 898 1367 405

212 1381 271 1458 lida
288 1397 421 1460 ueraque
439 1384 540 1465 gloria.
561 1381 639 1444 Nam
661 1401 747 1444 tantae
764 1386 900 1447 multitu·
1006 1452 1008 1457 ,

213 1464 309 1540 diuis,
325 1477 467 1541 ,quantam
493 1465 568 1544 capit
598 1464 666 1524 urbs
690 1462 805 1540 nostra,
826 1486 908 1527 eon·-

213 1541 309 1604 cursus
326 1539 367 1601 ost
386 1542 422 1602 ad
442 1564 491 1603 me
511 1543 611 1604 fassus.
629 1542 671 1603 Ei
691 1565 779 1624 quum
809 1547 906 1628 usque

214 1625 244 1684 in
264 1620 447 1703 Capitolium
459 1623 598 1684 dedu6lus
610 1668 620 1697 ‚
635 1629 760 1685 maximo
772 1625 899 1690 clamore

214 1720 303 1845 ffie
328 1701 427 1782 plausu
456 1705 486 1762 in
509 1703 620 1764 Rostris
647 1704 804 1765 collocatus
829 1706 903 1775 sum,

316 1780 403 1843 estin
426 1803 475 1844 me
496 1786 580 1845 inane
601 1803 611 1856 ;
632 1789 822 1866 nequeenim
845 1788 905 1849 de.

217 1863 294 1924 bet:
317 1861 367 1923 sed
388 1881 486 1925 tamen
512 1866 643 1924 omnium
666 1866 799 1926 ordinum
826 1888 905 1928 con-

215 1942 336 2017 sensus,
364 1945 517 2024 gratiarum
545 1945 639 2028 affin,
658 1946 896 2029 gratulatioque,

216 2042 264 2084 me
283 2042 455 2086 commovet
472 2072 481 2099 ‚
498 2042 654 2106 propterea
680 2027 758 2107 qu'od
776 2029 899 2109 popula,-

215 2124 279 2166 rern
293 2123 345 2163 me
363 2102 419 2165 effe
439 2108 469 2179 in
492 2108 597 2187 populi
610 2104 704 2179 salute
732 2110 901 2189 praeclarum

216 2184 267 2251 est.
286 2180 345 2251 Sed
361 2183 421 2244 haec
441 2203 471 2248 te
493 2187 571 2247 malo
592 2185 628 2246 ab
641 2186 718 2252 aliis.
743 2186 796 2248 Me
807 2189 897 2250 velim

216 2264 332 2327 deruis
356 2264 440 2324 rebus
461 2265 642 2345 consiliisque
668 2264 755 2326 facias
773 2268 901 2350 diligen-

216 2345 327 2413 tissime
350 2347 502 2406 certiorem
525 2346 682 2425 :illudque
711 2348 903 2425 consideres‚·

216 2445 254 2488 ne
273 2434 325 2485 tua
345 2424 499 2487 liberalitas
516 2423 676 2485 dissolutior
695 2423 836 2487 videatur.
854 2427 902 2489 Sic

216 2505 302 2569 sentit
312 2504 444 2581 senatus,
460 2509 501 2566 sic
512 2505 638 2587 populus
651 2504 820 2581 Romanus,
832 2507 902 2568 nul·

216 2586 261 2649 los
280 2606 420 2668 umquam
439 2585 534 2648 hostes
559 2588 704 2669 digniores
727 2588 808 2645 omni
827 2586 901 2668 sup·

237 2668 306 2729 licio
326 2667 431 2741 fuisse,
452 2667 539 2750 qulam
560 2688 612 2730 eos
637 2668 738 2740 cives,
768 2667 818 2747 qui
841 2669 900 2727 hoc

216 2688 297 2810 lello
307 2760 415 2811 eontra
428 2751 549 2828 patriam
562 2755 642 2809 arma
653 2762 810 2827 ceperunt:
825 2767 901 2827 quos

219 2828 338 2911 quidem
354 2849 410 2911 ego
424 2828 558 2889 omnibus
579 2827 725 2888 sententiis
739 2825 902 2889 ulciscor&

218 2909 398 3050 persequor,
413 2908 546 2969 omnibus
562 2907 646 2968 bonis
663 2907 903 2988 approbantibus.

250 3012 270 3051 u
286 2990 358 3084 qnid
379 2988 416 3049 de
430 2991 482 3050 hac
499 3009 533 3084 re
541 2987 645 3048 sentias
658 3033 667 3063 ,
678 2989 719 3049 tui
735 2985 832 3067 judicii
843 2985 901 3051 esta

220 3067 731 3245 {llaiisii‘ssinilll‘clliill'}
746 3069 905 3242 iliffinss

221 3227 905 3395 sarorioqlllilerills’sigismnssxipsiosiiioritatnlls:

221 3391 314 3464 eidit,
330 3410 424 3471 ¹quum
437 3391 537 3472 paucis
554 3385 657 3451 diebus
673 3406 780 3468 magno
798 3387 904 3468 proelio

222 3472 291 3533 anie
309 3468 430 3532 vicisset.
447 3470 525 3531 Nam
544 3466 633 3528 Pansa
650 3464 785 3547 fugerat,
802 3467 906 3530 vulne·

223 3551 303 3614 ribus
319 3569 389 3617 acce
410 3553 445 3610 tis
452 3595 466 3631 ‚
482 3570 546 3630 quaa
558 3546 633 3609 serre
651 3558 711 3606 non¹
726 3547 829 3626 potuit.
840 3545 908 3606 Re·

223 3630 328 3713 liquias
337 3571 463 3694 hosium
474 3629 578 3691 Brutus
589 3624 908 3714 penequitur‚&,cae·

223 3709 280 3773 sar.
309 3708 415 3773 Hostes
436 3727 535 3773 autem
561 3725 664 3771 omnes
687 3704 831 3784 judicati,
857 3706 907 3787 qui

219 3789 274 3857 Μ.
296 3789 421 3856 Antonii
436 3789 542 3855 tettan
558 3786 649 3853 secuti
669 3782 743 3853 sunt.
759 3783 860 3870 ltaque
874 3784 924 3852 irl'
