2409 5492
367 1264 438 1319 Au
478 1248 735 1322 urorum
819 1268 899 1349 417

211 1363 260 1451 'qui
279 1379 363 1427 erant
383 1367 504 1426 omnino
521 1364 558 1424 ab
576 1366 659 1426 initio
682 1363 772 1439 belli,
789 1363 839 1427 sed
856 1368 898 1431 fa·

209 1450 289 1509 cilius
307 1445 517 1528 frangebantur.
536 1444 663 1507 Erecrior
681 1446 793 1509 senatus
814 1468 896 1526 erat,

210 1534 271 1590 uou'
292 1525 438 1587 sententiis
458 1528 551 1588 solium
571 1525 702 1601 nostris,
731 1527 780 1589 sed
806 1534 896 1592 eriam

211 1607 462 1671 cohortationibus
486 1610 633 1669 excitatus.
660 1605 727 1669 Erat
745 1611 774 1669 in
797 1609 896 1674 senam

210 1689 275 1750 satis
296 1691 457 1750 vehemens
479 1689 511 1748 &
536 1709 602 1749 acer
621 1687 732 1760 Pansa,
754 1710 843 1769 quum
864 1696 895 1755 in
951 1689 959 1702 ⁸

209 1790 324 1832 ceteros
352 1766 436 1847 hujus
463 1771 602 1852 generis,
627 1787 689 1829 tum
714 1773 838 1832 maxime
863 1775 894 1834 in

202 1851 360 1913 socerum:
381 1853 426 1910 cui
444 1850 552 1910 consuli
574 1871 635 1910 non
656 1851 767 1911 animus
786 1852 822 1911 ab
836 1853 896 1912 ini·

201 1934 274 2007 ¹lio,
292 1952 355 1992 uon
376 1928 449 1990 fides
472 1933 508 1990 ad
527 1949 690 1995 extremum
709 1929 809 1993 defuit.
828 1930 897 1994 Be'l·

201 2011 271 2073 ·lnm
295 2011 334 2071 ad
357 2010 500 2071 Mutinam
524 2011 697 2093 gerebarut3
718 2012 788 2071 nibil
812 2031 843 2077 ur
864 2015 896 2075 in

210 2090 324 2154 Caesare
342 2091 589 2172 reprehenderes3
610 2092 748 2153 nonnulla
769 2095 800 2153 in
823 2093 895 2154 Hir·

211 2176 261 2234 tio.
284 2170 380 2250 Hujus
401 2173 469 2233 belli
491 2172 627 2246 fortuna,
645 2190 676 2233 ut
694 2173 724 2233 in
743 2172 893 2251 secundis,

211 2254 306 2315 fluxae
328 2272 359 2313 ut
377 2255 406 2313 in
427 2253 576 2324 adversis,
595 2253 684 2313 bona.
711 2252 778 2315 Erat
792 2254 893 2317 visirix

209 2334 395 2416 respublica,
425 2336 505 2394 caesis
534 2331 657 2391 Antonii
686 2336 806 2411 copiis,
828 2336 893 2416 ipso

210 2414 330 2498 expulso
354 2415 487 2474 aBnuo.
510 2411 628 2472 Deinde
651 2413 693 2471 ira¹
713 2415 802 2473 multa
844 2422 894 2476 ee'-

209 2515 293 2570 cata‚
312 2513 346 2557 ut
366 2494 585 2577 quodammodo
605 2491 725 2555 visloria
746 2497 810 2553 euti
831 2502 894 2556 ere't

210 2597 227 2638 e
242 2576 391 2637 manibus:
434 2579 600 2646 erterritos,
619 2576 764 2645 inermes,
784 2573 892 2637 saucios

210 2679 270 2719 uon
290 2657 352 2718 sunt
370 2598 457 2716 nollri
477 2656 564 2716 duces
585 2652 748 2734 persecuti;
772 2655 891 2716 datum·

210 2759 266 2820 que
293 2738 407 2818 Lepido
428 2754 543 2817 ternpus
566 2733 635 2808 est',
658 2736 765 2815 inquo
785 2737 892 2797 levita·

210 2838 270 2883 tem
293 2816 381 2896 ejus,
407 2817 482 2898 saepe
504 2813 705 2897 perspeclam.
733 2814 891 2895 majoribus

210 2900 240 2961 in
262 2901 345 2961 malis
364 2903 568 2978 experiremur.
589 2895 661 2956 Sunt
680 2899 820 2959 exercitus
837 2899 892 2959 bo-

210 2983 266 3052 ni,
288 2980 337 3041 sed
364 2981 478 3052 rudes,
507 2979 616 3051 Bruti,
642 2977 673 3036 &
695 2975 800 3041 Planci.
820 2977 892 3042 Sunt

211 3059 399 3135 fidelissima,
418 3062 450 3121 &
468 3061 591 3120 maxima
606 3057 708 3117 auxilia
725 3057 891 3121 Gallorum.

211 3141 269 3204 Sed
290 3139 435 3203 Caesarem
453 3145 524 3201 meis
542 3140 667 3198 consiliis
683 3139 773 3199 adbuc
780 3142 893 3279 puber.

210 3242 333 3295 narum,
354 3222 490 3302 praeclari
510 3219 603 3299 ipsum
621 3217 741 3290 indole,
763 3241 779 3277 a
800 3225 891 3281 mira.

210 3305 261 3365 bili
285 3323 321 3364 ue
347 3301 528 3374 constantii,
551 3296 770 3378 improbissimis
789 3302 891 3364 litteris

212 3326 357 3466 quiscum,
382 3381 582 3462 fallacibusque
605 3379 829 3458 interpretibus,
855 3403 891 3443 ac

210 3468 316 3527 nuntiis
340 3466 515 3545 impulerunt
540 3464 570 3520 in
600 3458 681 3538 spem
703 3463 890 3522 certissimam

210 3545 384 3608 consularius.
407 3545 500 3626 Quod
522 3540 692 3619 simulatque
717 3539 812 3612 sensi;
835 3561 890 3603 ne-

231 3647 267 3688 ue
299 3648 355 3709 ego
376 3626 455 3686 illum
478 3624 624 3685 absentem
649 3622 749 3680 litteris
769 3641 890 3685 monere

209 3648 327 3780 iestiti,
347 3728 400 3766 nec
426 3706 554 3771 accusare
578 3699 731 3782 presentes
751 3699 813 3775 eius
835 3724 893 3764 ne·

209 3786 372 3864 cellarios,
404 3790 453 3869 qui
483 3785 544 3867 ejus
574 3783 721 3864 cupiditati
750 3781 890 3868 suffragari

713 3862 768 3930 Sv
