2409 5492
378 1112 737 1182 an-Brvrun.
821 1133 898 1205 425

215 1222 251 1285 ad
267 1240 304 1285 te·
318 1240 436 1285 tuorum
458 1226 519 1284 sine
539 1228 611 1287 meis
623 1227 733 1288 venit.²
752 1225 831 1305 Quae
847 1250 900 1288 au-

215 1321 274 1365 tem
288 1301 413 1386 ¹'epistola
432 1324 492 1364 non
515 1306 630 1385 pondus
648 1308 747 1368 habuit
758 1308 769 1366 ἓ
782 1306 862 1385 Quae
875 1310 901 1367 si

215 1383 251 1445 ad
271 1402 302 1445 te
330 1385 446 1464 perlatae
472 1406 533 1444 non
559 1387 642 1460 sunt,
666 1408 703 1447 ne
728 1386 898 1467 domesticas

255 1466 337 1525 iem
362 1483 424 1525 tuas
453 1467 575 1544 perlatas
606 1469 737 1529 arbitror.
760 1466 901 1528 Ciceroni

215 1484 311 1605 lrllbis
332 1560 361 1604 re
386 1546 551 1627 longiorem
581 1546 712 1608 daturum
738 1547 898 1626 epistolam.

214 1621 305 1685 Reae
318 1625 349 1684 id
358 1626 477 1706 quidem
494 1646 502 1684 :
520 1626 568 1687 sed
584 1626 647 1687 haec
667 1648 784 1708 quoque
801 1629 900 1688 debuit

216 1703 272 1766 else
315 1705 417 1765 lenior.
436 1705 504 1787 Ego
521 1724 653 1782 autem,
678 1729 767 1789 quum
790 1709 827 1767 ad
852 1728 901 1770 me

217 1785 253 1845 de
310 1787 433 1846 iceronis
460 1789 559 1847 abste
586 1787 703 1848 discessu
727 1788 777 1847 scri
800 1787 900 1861 silles,

216 1862 309 1925 statim
339 1867 444 1929 extrusi
467 1867 653 1942 tabellarios,
676 1809 838 1947 litterasdue
862 1868 900 1928 ad

217 1942 397 2007 Ciceronem
414 1967 424 2020 ;
442 1965 494 2018 ut,
516 1950 602 2008 etiam
622 1950 694 2007 siin
715 1947 824 2009 ltaliam
844 1968 902 2008 ve·

216 2022 321 2100 nisset,
339 2026 376 2086 ad
387 2043 415 2086 te
436 2027 563 2088 rediret:
581 2028 651 2088 nihil
665 2031 743 2089 enim
761 2029 832 2089 mihi
848 2027 899 2108 ju·

164 2144 165 2167 r
218 2105 360 2181 euodius,
379 2106 451 2167 nihil
472 2108 513 2166 illi
534 2106 678 2169 honestius
695 2126 703 2167 t
724 2130 899 2191 quamquam

217 2187 372 2266 aliquoties
392 2189 419 2247 ei
436 2186 598 2267 scripseram
613 2233 623 2263 ,
638 2188 817 2250 sacerdotum
843 2213 900 2250 co-

218 2268 314 2341 mitia,
328 2267 395 2327 med
404 2266 515 2327 summi
525 2270 729 2342 contentione,
739 2272 767 2327 in
779 2271 900 2328 alterum

164 2418 165 2431 ἵ
218 2368 327 2419 annum
344 2345 399 2409 effe
418 2346 522 2425 rejedla
539 2368 547 2407 τ
565 2349 680 2429 quode
703 2369 721 2405 o
738 2370 826 2428 quum
847 2347 902 2408 Ci·
931 2346 933 2350 ’

219 2428 671 2502 ceroniscausdelahoraui,tum
719 2426 902 2501 omitii,Ca·

219 2508 469 2583 tonis,.Lentuli‚
491 2507 661 2568 Bibulorum
681 2528 689 2567 t
710 2508 790 2590 quod
814 2507 850 2567 ad
871 2524 901 2568 te

220 2591 311 2649 etiarn
325 2586 499 2668 scripseram.
516 2588 575 2649 Sed
597 2587 734 2649 videlicet
756 2608 845 2670 quum
861 2588 902 2647 il-

219 2669 276 2729 lam
308 2669 422 2729 usillam
438 2667 587 2749 epistolam
597 2686 676 2730 tuam
687 2668 724 2729 ad
734 2690 781 2731 me
795 2669 901 2741 dabas,

220 2690 352 2809 nondum
367 2768 428 2810 erat
448 2751 501 2810 tibi
517 2750 547 2810 id
567 2768 677 2810 notum.
701 2748 803 2828 Quare
821 2751 904 2810 omni

221 2827 313 2890 studio
335 2848 411 2905 ate,
427 2832 469 2889 mi
485 2830 593 2906 Brute,
610 2832 778 2904 contendo,
792 2847 823 2891 ut
844 2827 901 2891 Ci-

222 2929 360 2972 ceronem
368 2930 467 2972 meum
478 2932 514 2972 ne
525 2913 650 2973 dimittas
661 2957 673 2982 ,
684 2928 838 2991 tecumque
852 2910 904 2970 de·

222 2991 309 3059 ducas
323 3012 331 3050 t
344 2991 423 3072 quod
439 2991 552 3071 ipsum,
571 2995 595 3050 si
606 2992 811 3071 rempublicam
827 3034 836 3063 ,
857 2991 904 3049 cui

222 3070 296 3133 susce
319 3090 364 3132 tus
373 3093 425 3144 es,
440 3071 573 3151 respicis,
590 3072 641 3131 tibi
655 3070 714 3149 jam
728 3070 845 3151 jamque
858 3068 905 3127 fa·

223 3094 358 3217 ciendlrm
377 3149 427 3213 est.
448 3152 592 3217 Renatum
614 3153 691 3211 enim
709 3151 817 3211 bellum
838 3146 903 3219 estc

223 3231 310 3314 idque
327 3254 389 3293 non
430 3255 500 3294 arvo
521 3229 628 3291 scelere
649 3230 762 3311 Lepidi.
781 3229 900 3289 Exerci·

223 3328 267 3373 tus
283 3331 380 3387 autem
425 3313 532 3385 elaris,
546 3314 594 3393 qui
609 3331 668 3370 erat
679 3314 806 3390 optimus
819 3354 829 3383 ,
843 3330 905 3368 non

223 3394 316 3455 modo
335 3393 406 3456 nihil
416 3391 551 3472 prodest,
570 3391 618 3453 sed
630 3393 717 3451 etiam
727 3393 807 3471 cogit
819 3408 904 3449 exer-

225 3475 314 3537 citum
332 3491 412 3535 tuum
429 3474 573 3555 flagitari:
617 3473 646 3530 ui
663 3473 687 3530 si
706 3470 817 3529 ltaliam
837 3471 905 3529 atti·

224 3556 314 3634 gerit3
335 3556 388 3613 erit
401 3556 471 3614 civis
489 3574 578 3614 nemo
596 3493 616 3633 (s
629 3572 716 3633 quem
729 3550 848 3632 quidem
863 3551 906 3607 ci·

224 3653 293 3721 vem
313 3635 455 3717 appellati
470 3633 513 3697 fas
536 3632 601 3716 sit)
620 3631 713 3719 quise
731 3653 790 3694 non
810 3632 839 3691 in
856 3646 906 3699 tua
