2409 5492
374 1252 445 1331 nn
484 1224 739 1308 Bnururr.
807 1250 890 1333 ,455

331 1373 512 1479 Crucsuo
543 1379 769 1455 Breucos·

163 1548 169 1567 .
203 1518 260 1575 D:
273 1510 328 1569 sora
338 1518 503 1583 constitutione
518 1510 577 1591 beili
588 1522 644 1588 qaid
652 1520 743 1588 sentiar
749 1522 893 1594 perscribit·¹

195 1614 197 1619 ·
245 1592 269 1643 Gr
280 1590 380 1645 Brutum
393 1595 425 1643 ad
433 1596 543 1663 majorem
548 1595 700 1667 severitatem
711 1600 810 1652 excitat.
821 1601 895 1652 Anno

209 1702 213 1707 -
248 1664 282 1715 U.
305 1667 332 1715 C.
352 1682 409 1731 7⁸⁰·

231 1764 397 1977 .QUAE
419 1830 521 1896 litterae
549 1852 601 1898 tuo
628 1839 746 1900 nomine
770 1841 895 1901 recitata

209 1854 274 1977 sunt
311 1915 330 1975 d
348 1912 441 1996 April.
458 1920 490 1993 in·
507 1916 625 1992 senatu,
644 1921 751 1983 eodem
773 1940 809 1980 ue
824 1938 899 1983 tern-

209 2006 286 2079 pore
305 1994 449 2070 Antonii,
468 1998 557 2059 credo
571 1999 608 2059 ad
619 2017 647 2060 te
662 1941 799 2081 scripsisse
812 2018 897 2077 tuos¹

210 2082 340 2159 'quornm
362 2096 418 2161 ego
446 2082 555 2139 nemini
576 2082 734 2141 concedo:
754 2080 803 2142 sed
828 2082 899 2143 nihil
951 2112 956 2121 ¹

211 2148 328 2221 necesse
344 2176 405 2235 erat
424 2158 528 2219 eadem
540 2181 645 2222 omnes
664 2161 754 2231 :illud
767 2156 900 2237 necesse',

211 2257 261 2300 me
281 2239 324 2299 ad·
336 2254 364 2299 te
379 2238 520 2314 scribere,
539 2242 610 2322 quid
627 2238 761 2309 sentirem
782 2244 818 2303 de
837 2260 900 2304 tota

209 2316 418 2381 'constitutione
438 2318 521 2399 hujus
539 2321 630 2394 belli,
646 2320 679 2381 &
705 2341 763 2401 quo
790 2320 900 2401 judicio

213 2396 324 2475 essent,
342 2400 458 2541 piusque
474 2400 626 2462 sententis.
647 2400 792 2461 Voluntas
818 2422 900 2477 mea,

212 2478 326 2557 Brute,
363 2500 379 2542 e
393 2481 503 2542 summa
511 2482 659 2564 republica
673 2481 786 2564 semper
796 2482 902 2542 eadem

214 2560 289 2638 suit,
308 2574 373 2645 quae
393 2577 442 2623 tu'a
463 2583 471 2622 ι
489 2565 562 2624 ratio
578 2562 748 2644 quibusdam
768 2565 798 2622 in
816 2561 902 2623 rebus

217 2640 403 2724 (nonenim
426 2640 587 2725 omnibus)
610 2644 697 2725 pauld
722 2640 835 2703 fortasse
852 2663 904 2703 ve-

216 2724 395 2785 hementior.
412 2722 480 2790 Scis¹
486 2725 557 2784 mihi
571 2724 685 2804 semper
698 2720 831 2804 placuisse
844 2745 904 2783 non

217 2822 289 2887 rege
308 2802 424 2879 solirm',
441 2803 491 2864 scd
507 2825 597 2887 regno
619 2804 733 2865 liberari
746 2803 906 2885 rempubli-

220 2902 297 2946 cam.
316 2876 365 2945 Tu
386 2884 499 2960 lenius,
519 2886 676 2946 immortali
696 2887 816 2946 omnino
828 2878 906 2944 'cun'r

220 2984 272 3027 tua
285 2966 370 3026 laude
386 2986 393 3024 :
411 2964 459 3026 sed
474 2967 542 3047 quid
561 2968 663 3027 melius
681 2964 786 3039 suerit,
799 2986 907 3048 magno

222 3046 328 3108 dolore
338 3046 493 3120 sensimus,
502 3068 609 3130 magno
620 3048 750 3128 periculo
758 3046 907 3107 sentimus.

221 3126 349 3189 Recenti
359 3128 410 3188 iil'o
425 3142 576 3208 tempore,
588 3146 619 3188 tu
630 3130 728 3187 omnia
736 3128 772 3186 ad
783 3146 886 3206 pacem
897 3171 908 3199 ,

225 3228 290 3291 quae
299 3211 432 3269 oratione
446 3207 550 3269 confici
561 3228 621 3267 non
630 3223 764 3287 poterar3
779 3227 836 3345 epo
848 3226 910 3267 orn·

177 3318 181 3325 ·
225 3293 274 3350 nia
284 3288 323 3349 ad
331 3288 492 3350 libertatern
506 3334 514 3362 ,
527 3309 590 3369 quae
606 3306 665 3347 srne
678 3306 749 3366 pace
761 3308 799 3346 nu
811 3287 838 3346 la
847 3284 911 3346 est:

226 3388 331 3451 pacem
343 3368 433 3450 ipsam
443 3369 521 3429 bello
537 3387 621 3449 arque
636 3366 721 3425 annis
739 3364 814 3427 effici
830 3364 911 3447 posse

228 3449 393 3512 arbitrabar.
412 3449 512 3510 S'rudia
529 3470 590 3510 non
611 3449 730 3507 deerant
748 3467 827 3505 arma
841 3444 914 3527 pos-

229 3533 379 3606 centium,
399 3544 523 3612 quo'rum
544 3529 732 3610 repressimus
751 3529 914 3607 impetum,

230 3612 422 3693 ardoremque
433 3610 621 3672 restinximus.
635 3607 736 3749 stapue
752 3627 797 3667 res
807 3609 836 3666 in
847 3625 915 3666 eum

230 3692 328 3754 locum
339 3711 479 3765 venerat,
493 3710 544 3767 ur,
560 3693 615 3752 nisi
631 3687 684 3750 Cae
697 3689 737 3751 ari
750 3684 913 3748 Odaviano

234 3772 303 3835 deus
326 3773 446 3856 quidam
467 3773 545 3835 illam
571 3782 702 3838 mentem
725 3764 867 3844 dedisset,
884 3768 916 3828 in
