2409 5492
333 1301 361 1377 4
482 1282 856 1382 Ειιονοιννιιννν

331 1414 382 1455 tua
418 1397 545 1478 potestate
570 1395 705 1475 fuerimus
730 1443 740 1472 ‚
776 1418 879 1475 tuoque·
902 1396 1013 1456 adduili

332 1477 447 1537 coasilio
469 1478 645 1557 dimiserimus
677 1501 713 1538 ex
738 1478 893 1557 municipiis
914 1480 1016 1558 nostros

332 1555 512 1634 necefficrics,
533 1580 617 1636 neque
630 1558 721 1638 filium
738 1562 842 1629 edilia,
859 1557 911 1636 fed
932 1559 1016 1616 etiam

331 1639 433 1696 litteris
462 1640 494 1698 id
511 1637 689 1718 fecerimus,·
714 1642 789 1720 digai
802 1638 921 1718 fumus,
946 1658 1017 1716 quos

331 1718 435 1777 ltaleas
454 1722 498 1778 tui
516 1720 627 1779 consilii
644 1722 817 1800 participes,
841 1720 871 1776 im
891 1739 923 1777 ea
942 1736 1019 1798 pra·

327 1797 422 1877 fartim
444 1817 492 1872 re,
508 1819 567 1879 qua
585 1802 625 1858 ad
640 1823 690 1860 aas
708 1802 834 1880 pertinet.
854 1803 947 1879 Quart
959 1819 1017 1878 pt·

333 1882 416 1938 timus
438 1901 458 1936 a
476 1897 502 1940 te
525 1924 534 1954 ‚
551 1878 647 1957 ficiat
665 1902 715 1939 rtos
738 1884 861 1939 certiores
884 1895 937 1938 tua
960 1900 1018 1937 uc-

335 1959 452 2018 lurttatis
478 1963 507 2018 irc
527 1980 602 2030 reos‚·
621 1959 731 2039 putesne
755 1983 805 2019 aas
824 1978 896 2018 tutos
907 1957 969 2038 frte
985 1960 1018 2018 ὶνι

335 2054 414 2098 tanta
423 2034 579 2118 frequentia
596 2042 714 2099 militum
729 2058 934 2111 ueteranorum,
949 2059 1019 2117 quos

335 2121 417 2177 etiam
436 2119 468 2175 de
490 2121 643 2200 reponenda
664 2142 715 2178 ara
736 2124 852 2201 cogitare
871 2122 1017 2178 audimus:

335 2198 410 2279 quad
432 2199 503 2258 uelle
524 2200 552 2258 6·
576 2201 690 2281 probate
714 2203 766 2261 uix
788 2199 928 2280 quisquam
946 2197 1019 2278 pofe

335 2279 464 2348 uidetur,
490 2282 538 2358 qui
563 2302 613 2339 mos
627 2281 725 2359 fuluos
751 2282 779 2339 6·
802 2282 919 2361 honestos
941 2281 1020 2341 uelit.

337 2361 402 2427 Nos¹
422 2359 457 2417 ab
478 2361 558 2427 initio
572 2359 700 2440 fpetlaffi
720 2363 831 2433 otium,
862 2382 911 2420 rtec
933 2361 1020 2440 quid·

337 2458 419 2520 quam
450 2439 531 2499 aliud
558 2441 681 2500 libertate
710 2442 842 2500 communi
872 2438 1020 2520 quasiffe‚

337 2521 585 2597 tuitus-declarat.
611 2519 719 2582 Fallere
739 2543 815 2581 memo
840 2545 890 2581 νιος
909 2523 1021 2602 potest,

340 2601 396 2662 nisi
419 2618 474 2672 tu,·
498 2604 572 2680 quod
591 2603 658 2661 certe*
677 2602 747 2682 abest
769 2623 788 2660 a
808 2619 856 2660 tua
877 2603 975 2662 virtute
992 2602 1021 2662 θ’

337 2683 415 2761 fide:
430 2683 482 2760 fed
501 2683 577 2741 alius
595 2704 671 2741 memo
687 2681 853 2760 facultatem
874 2683 953 2740 liabet
971 2681 1023 2741 de-

340 2763 461 2839 cipiendi
484 2784 533 2820 rtos
556 2783 565 2819 .·
591 2764 642 2820 tibi
659 2765 729 2820 enim
756 2765 805 2820 urti
830 2765 1021 2838 credidimus,

342 2842 371 2903 θ’
393 2838 520 2900 credituri
529 2841 644 2918 [νιννινιν.Ι
659 2843 789 2900 Maximo
810 2846 902 2902 timore
921 2845 953 2903 de
972 2842 1023 2903 νιο-
1047 2847 1049 2850 ’

341 2921 385 2980 tis
403 2919 558 3002 afficiuntur
578 2921 660 2980 amici
674 2924 774 3000 austri:
790 2922 886 3000 quibus
904 2924 955 2982 etsi
973 2940 1022 2982 tua

336 3001 410 3080 fides
431 3001 575 3080 explorata
595 3004 647 3081 ‘st’
669 3020 757 3061 tamem
772 3003 848 3062 illud
863 3005 893 3062 itt
911 3018 1021 3062 mentem

341 3081 442 3153 uenit,
473 3083 670 3140 multitudinem
697 3101 881 3146 ueteranorum
901 3082 1023 3162 facilius

343 3160 449 3239 imptelli
473 3162 508 3220 ab
530 3163 589 3221 eilia
610 3162 752 3242 quolibet,
767 3165 846 3243 quim
864 3184 882 3221 a
905 3184 930 3223 tr
950 3167 1023 3222 reti*

342 3242 400 3300 rteri
418 3239 500 3322 poffe.
522 3243 760 3322 Rescrilasmabis
777 3247 818 3302 ad
835 3246 928 3303 amaia
939 3288 951 3314 ,
962 3250 1023 3304 'ro-

340 3342 448 3402 gamus.
470 3325 638 3383 Nam‘illud
655 3324 737 3382 ualde
758 3326 816 3384 leue'
834 3327 868 3404 efl
883 3345 917 3382 ac
933 3347 1023 3403 nuga÷

344 3404 465 3474 tarium,
487 3407 519 3463 eti
541 3424 568 3462 re
591 3407 777 3463 denuntiatum
797 3403 845 3482 effe
864 3405 1023 3478 ueteranis,

294 3520 304 3535 κ
335 3483 418 3561 -quid
438 3485 470 3541 de
494 3487 640 3543 commodis
658 3486 855 3564 eor'ummeafe'
870 3485 1023 3545 lunicia-

345 3581 422 3621 turus
444 3562 516 3640 effes.
545 3570 633 3645 Quem
651 3567 721 3623 emim
740 3567 929 3647 impedimerito
941 3564 1023 3643 fictu·

344 3663 402 3700 rum
424 3664 533 3723 putas,
553 3666 635 3723 quum
654 3647 687 3704 de
708 3647 786 3705 mobis
804 3664 903 3704 certum
920 3648 958 3705 sit
973 3668 1024 3705 rm

343 3724 511 3801 quieturos?
541 3727 608 3785 Νονι
620 3750 624 3755 ·
636 3727 763 3785 dabertus
774 3726 911 3803 mriiquasn
937 3727 1025 3785 uideri

342 3802 456 3881 aimirice
477 3804 571 3888 capidi
594 3808 683 3880 vitai
702 3825 782 3885 quum
804 3805 929 3866 'accidere
945 3807 1025 3868 nobis
