2409 5492
320 1216 395 1293 5128
470 1215 850 1286 Euirroiauurr

324 1362 388 1455 ¹M.
410 1356 448 1437 T.
468 1356 505 1421 C.
537 1359 609 1420 Seu.
637 1360 797 1423 Suimeio
826 1359 858 1422 S.
881 1359 917 1429 Ρ.
939 1358 989 1428 ῦὸ

318 1498 438 1554 Κοσιτ,
457 1511 483 1544 ut
501 1493 636 1563 laysonm,
657 1513 722 1562 quem
739 1510 811 1545 antra
829 1498 1007 1563 commendatq-

354 1584 393 1692 νῦι
402 1564 454 1692 ,ciri
460 1567 541 1707 fodent
559 1569 581 1619 δ’
599 1568 791 1619 necessitudinem
804 1567 916 1637 recipiat.
931 1570 1008 1625 Anne

322 1828 369 1891 ¹9·
383 1741 501 1871 Cum
522 1809 639 1891 Lysone
656 1808 785 1871 Patrensi
801 1807 843 1872 est
858 1809 931 1871 mihi
942 1802 1009 1893 quia

320 1893 389 1953 dem
413 1891 568 1972 hospitium
592 1908 701 1965 vetus,
721 1912 805 1971 quam
822 1911 881 1973 ego
900 1911 1008 1953 neces·

319 1974 473 2037 situdinem
492 1971 583 2032 sandi
606 1972 760 2033 colendam
782 1990 874 2052 puto;
896 1972 947 2033 sed
968 1992 1006 2035 ea

320 2054 401 2114 causa
419 2058 507 2115 etiam
523 2073 588 2113 cum
607 2054 668 2113 aliis
690 2053 905 2133 compluribus:
921 2052 1005 2113 fami-

319 2136 422 2195 liaritas
445 2150 524 2195 tanta
545 2133 627 2193 nullo
655 2154 723 2192 cum
749 2132 891 2213 hospite3
917 2134 951 2193 δι
967 2152 1006 2195 ea

340 2236 408 2274 uum
425 2213 526 2275 officiis
543 2211 605 2291 ejus
618 2215 733 2288 multis,
749 2230 811 2274 tum
827 2217 915 2275 eriam
930 2235 1005 2289 con·¹

318 2236 466 2355 duetudine
496 2295 663 2374 quotidiani
690 2298 729 2353 sic
756 2292 797 2354 est
829 2293 941 2367 audin,
968 2308 1003 2355 ut

318 2376 388 2434 nihil
416 2378 453 2436 sit
480 2374 668 2435 familiaritate
693 2372 789 2435 nostri
813 2372 1008 2453 conjunffius.

317 2454 345 2516 Is
367 2478 457 2537 quum
472 2454 576 2515 Rotnae
597 2477 707 2515 annum
721 2457 814 2535 prope
831 2460 872 2515 ita
886 2452 1006 2531 fuiffet,

318 2555 350 2597 ut
365 2559 481 2599 mecum
496 2539 629 2611 viveret,
648 2539 702 2597 etsi
717 2558 830 2596 eramus
849 2538 880 2595 in
898 2557 1006 2617 magna

318 2618 395 2698 spe,
419 2639 448 2680 te
471 2621 543 2678 meis
563 2620 664 2678 litteris
684 2616 942 2677 commendatione
965 2636 1004 2678 ue

318 2700 532 2781 diligentissime
552 2697 713 2770 fadiurum,
737 2698 768 2756 id
790 2698 870 2777 quod
883 2696 945 2791 ¹{ec'
972 2700 1004 2771 ⁰,

319 2797 349 2838 ut
372 2778 433 2856 ejus
452 2800 512 2839 rem
529 2779 706 2839 &fortunas
725 2778 845 2859 abieritis
866 2778 982 2839 tuerere

319 2875 415 2927 tamen
438 2903 448 2932 ,
475 2859 554 2938 qudd
582 2862 611 2918 in
640 2861 722 2919 unius
752 2857 891 2939 potestate
919 2874 1005 2919 erant

318 2943 447 3011 omnia,
475 2941 507 2997 ὅ(
533 2940 614 3019 qubd
636 2940 715 3020 Lyso
737 2940 830 3000 fuerat
853 2943 883 2999 in
905 2940 1003 3003 nostra

317 3018 398 3078 causa
421 3017 575 3099 nostrisque
603 3022 740 3101 praesidiis
759 3065 769 3093 ,
790 3022 1003 3101 quotidieali-

317 3099 387 3179 quid
408 3101 588 3162 timebamus.
613 3101 754 3161 Effeennn
780 3119 879 3160 tamen
902 3099 944 3160 est
969 3102 1003 3163 δι

317 3181 406 3260 ipsius
427 3180 601 3273 splendore,
622 3185 654 3243 &
674 3181 792 3254 nostro,
808 3183 1003 3261 reliquorum-

317 3282 372 3341 que
388 3263 531 3343 hoipitum
547 3261 658 3337 studio,
673 3281 704 3323 ut
720 3265 837 3335 omnia,
855 3283 920 3342 quae
935 3263 1002 3323 vel·

316 3343 437 3416 lemos,
471 3366 489 3403 a
513 3343 625 3405 casare
650 3346 871 3423 impetrarentur
887 3363 904 3415 ;.
918 3342 1002 3422 quod

317 3425 459 3504 intelliges
488 3444 524 3485 ex
546 3427 579 3483 iis
599 3425 727 3497 litteris,
754 3446 823 3504 quas
846 3420 945 3493 Caeset
963 3422 1002 3493 ad

316 3522 346 3563 te
371 3504 460 3564 dedit.
492 3503 576 3563 Nunc
597 3526 658 3564 non
677 3504 767 3562 modo
788 3525 847 3564 non
872 3506 1003 3563 remitti-

317 3605 381 3642 mus
406 3585 458 3644 tibi
485 3584 592 3665 aliquid
621 3605 657 3644 ex
684 3583 779 3645 nostra
804 3585 1001 3644 commenda-

317 3665 419 3737 tione,
439 3668 520 3746 quasi
540 3665 637 3744 adepti
658 3663 718 3743 jam
740 3669 861 3737 omnia;
888 3664 938 3724 sed
962 3664 1006 3725 ed

316 3744 517 3809 vehementius
538 3769 555 3807 a
575 3764 603 3807 te
626 3747 853 3819 contendimus,
880 3765 916 3807 ut
931 3744 1005 3829 Lyf
