2409 5492
254 1118 331 1216 328
406 1093 784 1186 epistotam—u

238 1236 334 1308 ¹euim
355 1248 465 1294 tantum
485 1233 591 1293 virium
612 1229 699 1290 habet
720 1229 780 1288 ulla
806 1240 945 1312 autprtta'

256 1313 375 1386 dentia,
397 1330 445 1372 aut
464 1311 660 1384 dodrina,.ut
676 1327 788 1369 tantum
806 1310 943 1374 dolorem

257 1396 349 1474 possit
372 1391 515 1452 sustinere.
543 1391 611 1452 Scio
631 1388 712 1449 fuisse
740 1390 772 1449 δι
795 1391 948 1454 honestius.

258 1473 403 1535 moriendi
425 1491 572 1552 tempus,
602 1471 636 1530 &
657 1470 777 1530 utilius:
803 1471 856 1533 sed
882 1493 944 1534 non

256 1551 315 1615 hoc
334 1551 449 1613 solum:
472 1553 562 1612 multa
582 1551 636 1609 alia
655 1552 824 1631 praetermisi
844 1570 854 1610 ε
880 1573 945 1633 quae

258 1634 283 1692 si
312 1636 395 1714 queri
420 1633 511 1693 velim
537 1634 704 1712 praeterita,
734 1629 806 1690 nihil
836 1653 852 1690 a
934 1672 945 1707 ‚

257 1714 314 1773 nisi
334 1732 366 1774 ut
385 1733 507 1794 augeam
527 1713 660 1772 dolorem
680 1729 792 1784 tuum,
814 1713 846 1770 'sn
869 1715 946 1773 icem

259 1789 406 1853 stultitiam
422 1814 527 1854 meam.
542 1791 617 1852 Illud
632 1793 750 1872 quidem
766 1811 821 1852 nec
833 1790 946 1854 facien·

260 1872 330 1934 dum
350 1872 414 1946 est,
440 1895 494 1935 nec
518 1872 580 1933 fieri
603 1870 715 1952 potest,
737 1890 788 1930 me
807 1871 912 1933 diutius
933 1916 946 1949 ,

261 1953 350 2034 qu'am
372 1971 420 2012 aut
440 1972 522 2013 tuum
544 1971 682 2032 tempus,
709 1968 757 2012 aut
777 1949 856 2011 firma
877 1952 945 2033 spes

260 2031 442 2114 postulabit,
475 2037 505 2092 in
523 2050 584 2093 tam
605 2031 705 2092 misera
728 2050 840 2114 tamque
861 2035 942 2113 turpi

259 2114 322 2172 ¹vita
337 2114 535 2184 commorati,
559 2131 592 2172 ut
608 2117 657 2194 qui
673 2114 765 2172 modu
781 2112 864 2173 fratte
879 2111 945 2173 fue&

259 2191 337 2266 rim,
360 2194 488 2267 libetis,
514 2191 637 2276 conjuge
660 2239 669 2266 ‚
697 2194 812 2274 copiis,
836 2211 949 2274 genere

184 2337 186 2341 ,
261 2272 326 2352 ipso
341 2277 472 2353 pecuniae
487 2275 686 2346 beatissimus3
704 2274 863 2371 dignitate,
878 2295 949 2335 aue·

262 2357 398 2427 acritate,
422 2353 651 2428 existimatione,
678 2357 766 2435 graui
788 2376 849 2415 nou
870 2354 949 2417 infe·

263 2435 347 2505 tior,
368 2437 457 2516 quam
474 2438 522 2517 qui
541 2455 678 2516 umquam
696 2434 811 2495 fuerunt
829 2457 877 2495 am
899 2437 950 2497 lis·

266 2516 355 2588 simi3
375 2518 399 2576 is
416 2536 491 2577 nunc
509 2521 539 2576 in
557 2517 611 2576 hac
629 2534 690 2575 tam
707 2513 807 2575 afflicta
823 2458 950 2595 perdita·

266 2615 325 2675 que
352 2594 495 2670 fortuna,
519 2617 613 2677 neque
642 2617 720 2669 me,
745 2615 841 2677 neque
866 2617 949 2659 meos

264 2673 364 2756 lugere
396 2676 500 2737 diutius
525 2681 643 2757 possim.
678 2676 780 2755 Quare
810 2678 880 2756 quid
912 2677 950 2738 ad

266 2774 315 2814 me
334 2754 462 2834 scripsisti
477 2757 514 2816 de
531 2758 762 2836 permutatione?
779 2760 861 2837 quasi
877 2760 951 2820 verb

264 2853 342 2894 nunc
367 2855 414 2894 me
438 2858 498 2895 uun
523 2855 578 2896 tuae
602 2838 749 2898 facultates
772 2836 954 2900 sustineant':

265 2917 370 2993 quain
396 2934 426 2973 re
454 2915 512 2996 ipsa
534 2918 621 2977 video
647 2918 730 2978 miser
749 2963 759 2991 ,
783 2919 815 2977 δι
834 2918 951 2995 senti0,

267 2995 339 3074 quid
360 2994 471 3055 sceleris
495 2997 678 3070 admiserim,
720 3019 786 3058 uum
807 2999 843 3060 de
862 3001 953 3063 visce-

267 3077 345 3134 ribus
360 3079 414 3135 tuis
430 3075 525 3136 &filii
544 3082 586 3137 tui
602 3020 789 3139 satisfadurus
807 3084 866 3154 sis,
888 3084 953 3164 qui·

267 3155 323 3215 bus
346 3156 454 3229 debes3
474 3179 530 3240 ego
549 3177 696 3238 acceptam
718 3180 754 3218 ex
777 3165 878 3221 aerario
897 3182 952 3242 pe·

268 3241 381 3295 cuniam
416 3257 467 3298 tuo
498 3243 617 3299 nomine
653 3238 751 3299 frustra
780 3238 953 3322 dissipatim.

266 3314 325 3376 Sed
345 3337 441 3377 tamen
461 3320 492 3377 &
517 3320 560 3379 M.
579 3319 737 3393 Antonio,
759 3341 901 3400 quantum
920 3339 951 3383 tu

267 3393 438 3474 scripseras,
460 3399 492 3458 &
514 3398 649 3480 Caepioni
668 3402 849 3460 tantumdem
870 3402 952 3463 solu-

268 3491 331 3543 tum
353 3476 413 3537 est:
438 3482 506 3539 mihi
526 3483 561 3541 ad
583 3483 632 3553 id,
655 3481 734 3560 quod
756 3486 878 3562 cogito,
897 3486 953 3544 hoc

270 3557 350 3630 quod
371 3558 463 3618 hubeo
483 3562 544 3621 satis
562 3561 623 3620 est:
644 3567 704 3621 sive
726 3565 803 3622 enim
827 3565 954 3624 restitui·

268 3650 353 3710 mur,
365 3640 427 3701 sive
441 3640 644 3729 desperamus,
657 3643 726 3703 nihil
740 3645 862 3725 amplius
876 3666 955 3728 opus
