2409 5492
256 1234 337 1328 448
428 1230 767 1299 ,ΕΡιετοιι

254 1348 318 1410 lum
333 1366 392 1406 non
405 1339 666 1417 condemnabam,
684 1360 754 1422 quae
768 1338 888 1423 suspecia
897 1360 935 1403 ve

256 1430 408 1489 hementer
424 1440 509 1484 erat:
530 1421 751 1483 desiderabam
772 1424 936 1485 nonnullisir

257 1509 343 1569 rebus
362 1505 568 1585 prudentiam,
586 1502 621 1562 &
639 1502 853 1577 celeritatem3
869 1505 937 1584 quiri

258 1585 347 1649 elleut
364 1588 427 1659 usi,
446 1583 626 1664 jampridem
643 1584 866 1665 rempublicam
880 1604 938 1643 retu·

259 1664 444 1751 peralsemus.
472 1663 544 1724 Non
570 1665 656 1723 enim
687 1665 837 1746 ignoras,
859 1682 938 1746 quanta

259 1764 413 1807 momenta
432 1748 488 1806 sint
504 1746 534 1802 in
552 1743 717 1824 republica
732 1743 938 1827 temporum&

260 1826 332 1909 quid
350 1828 481 1898 intersit,
502 1824 584 1883 idem
602 1824 684 1883 illud
707 1828 810 1886 utritm
829 1827 938 1897 antimi

261 1905 329 1988 pbsl
343 1907 510 1968 decernatur
520 1948 532 1978 ‚
544 1902 731 1984 suscipiatur
743 1952 753 1980 ‚
768 1924 871 1988 agatur.
883 1903 938 1967 ou

260 1989 326 2061 nia,
337 2007 401 2069 quae
416 1985 513 2047 severe
528 1984 654 2044 decreta
670 1984 743 2044 sunt
758 1987 814 2047 hoc
825 1986 937 2055 tumultu,

263 2070 309 2140 si,
325 2085 372 2126 aut
390 2086 449 2147 quo
472 2064 518 2125 die
538 2064 601 2123 dixi
616 2062 804 2127 sententiam
814 2063 939 2147 ,petseda

262 2144 382 2217 essent,
413 2146 445 2204 &
464 2146 578 2203 nonin
604 2144 696 2204 diem
723 2167 763 2208 ex
787 2147 825 2207 die
844 2146 936 2216 dilata,

262 2243 310 2285 aur
325 2245 385 2306 quo
401 2244 438 2284 ex
452 2242 590 2305 tempore
611 2223 760 2308 suscepta
776 2228 834 2289 sunt
844 2243 870 2285 ut
882 2243 936 2306 age-

261 2322 380 2379 rentur,
394 2326 455 2365 non
469 2305 579 2365 tardata
597 2305 630 2364 d(
651 2307 879 2386 procrastinata3
889 2304 939 2365 bel·

260 2385 322 2451 lum
338 2384 397 2465 jam
411 2385 521 2459 nullum
533 2384 734 2450 haberemus.
753 2386 939 2461 Omnia‚llu-

262 2470 315 2539 te,
331 2464 445 2547 praestiti
461 2468 501 2525 rei
523 2464 652 2541 ublicae‚
677 2490 748 2550 quae
769 2468 892 2552 praellare
906 2467 938 2526 de

263 2547 385 2621 buiris,
401 2547 480 2627 quie
502 2562 532 2607 et
551 2547 580 2604 in
598 2566 664 2620 eo,
686 2551 721 2609 in
743 2572 808 2641 quo
826 2548 939 2634 egosuu,

265 2628 386 2709 gradu,
413 2626 523 2688 senarias
545 2647 585 2707 po
610 2627 723 2710 ulique
749 2633 859 2709 Judicio
876 2629 939 2689 collo·

264 2727 363 2769 catus:
383 2728 437 2767 nec
455 2707 503 2766 illa
523 2728 573 2766 mo
597 2708 638 2779 d,
664 2729 735 2788 quae
758 2714 888 2774 nimirum
901 2708 938 2768 sila

264 2789 301 2847 ab
321 2790 440 2848 homine
459 2787 520 2848 sunt
538 2784 744 2867 postulanda,
766 2792 876 2866 fidem,
890 2791 937 2871 vig't

265 2869 406 2940 lantiam,
422 2870 519 2947 patriae
538 2868 718 2928 caritatem:
735 2893 776 2932 ea
796 2874 857 2935 sunt
871 2874 936 2938 enim,

286 2967 352 3020 uae,
370 2966 459 3006 nemo
475 2947 534 3021 est,
548 2949 597 3028 qui
614 2969 681 3006 non
700 2953 843 3029 praestare
858 2953 937 3014 debeat

262 2969 327 3108 {go
347 3045 444 3085 autem
468 3031 520 3100 ei,
550 3029 599 3108 qui
623 3027 816 3093 sententiam
843 3034 937 3094 dicarit

265 3107 443 3187 principibus
460 3106 496 3168 de
513 3107 685 3187 republica,
704 3130 787 3190 puto
807 3120 880 3176 etim
890 3131 936 3190 pru-

265 3189 393 3249 dentiam
411 3185 467 3248 elle
484 3187 697 3268 praestandam:
713 3214 778 3255 nec
799 3218 865 3269 me,
876 3209 939 3275 quum

264 3271 336 3329 mihi
363 3284 475 3328 tantum
506 3267 678 3347 sumpserim
714 3292 752 3334 ut
779 3271 940 3358 gubernacula

264 3348 430 3430 reipublicae
468 3349 639 3420 tenderem,
660 3352 767 3414 minius
785 3359 939 3437 putarimre

264 3371 527 3509 prehendendbm,
548 3432 571 3488 si
587 3430 737 3493 inutiliter
759 3437 871 3519 aliquid
883 3436 939 3496 lena·

265 3514 306 3569 rui
333 3509 494 3584 suaserim,
521 3509 608 3589 quim
637 3512 663 3567 si
692 3512 869 3581 infideliter.
893 3512 939 3575 lu

266 3610 330 3669 quae
348 3594 423 3662 sint,
443 3611 563 3670 quaeque
581 3605 729 3670 agantur,
752 3595 818 3660 scio
838 3594 939 3681 perscribi

266 3671 304 3727 ad
327 3688 355 3731 te
379 3670 541 3751 diligenter.
565 3668 608 3727 Ex
633 3690 686 3730 me
709 3693 817 3739 autem
842 3670 938 3740 illudet

266 3752 346 3827 quod
367 3764 396 3812 te
412 3753 502 3814 velim
521 3750 625 3812 habere
648 3758 844 3838 cognitum,
870 3773 938 3822 metu
