2409 5492
323 1234 421 1309 430.
487 1209 819 1294 ,Evrsrocu

325 1344 423 1390 tamen
433 1342 495 1396 ,erat
504 1324 662 1385 exercitum
673 1322 793 1382 habenti
804 1319 1013 1385 necessarium:

322 1406 391 1487 quid
411 1409 489 1478 enim
505 1403 546 1466 est
557 1406 618 1464 sine
631 1404 757 1482 imperio
769 1403 940 1468 exercitus?
951 1404 1014 1466 Sta·
1053 1443 1056 1478 1

323 1504 403 1562 tuam
418 1485 564 1566 Philippus
583 1483 737 1544 decrevit:
758 1484 944 1546 celeritatem
964 1505 1014 1565 pe·

323 1568 432 1634 titionis
445 1567 541 1647 primi>
550 1563 667 1626 Servius
678 1583 688 1636 ;
698 1560 764 1643 pbst
771 1562 921 1639 majorem
929 1568 1014 1628 etiam

323 1645 472 1708 Servilius.
480 1645 562 1706 Nihil
573 1665 637 1706 tum
644 1646 767 1704 nimium
776 1643 948 1708 videbatur.
958 1645 1012 1708 Sed

323 1726 599 1827 uesci02,quomodo
622 1723 731 1792 facilius
751 1726 781 1784 in
799 1728 910 1788 timore
930 1726 1012 1788 beni-

366 1811 396 1880 i,
413 1827 502 1889 quam
526 1810 556 1870 in
576 1804 695 1868 vitioria
722 1807 796 1886 grati
820 1807 1010 1887 reperiuntur.

325 1827 369 1969 b}
399 1891 501 1960 enim,
521 1886 564 1950 D.
583 1885 674 1948 Bruto
694 1886 845 1960 liberata,
863 1888 1011 1969 qmmlae·

326 1969 454 2032 tissimus
473 1969 521 2030 ille
541 1968 649 2029 civitati
672 1966 733 2028 dies
750 1964 884 2030 illiuillet
896 1968 1010 2043 ,idem-

327 2069 385 2130 que
406 2048 469 2110 oesu
485 2047 567 2113 Bruti
584 2045 684 2112 natalis
701 2043 772 2112 effet
791 2067 803 2120 ;
819 2047 962 2123 decrevi,
982 2064 1010 2110 ut

270 2165 272 2169 ·
327 2127 444 2201 insistis
461 2129 498 2188 ud
515 2147 584 2189 eum
600 2127 680 2190 diem
692 2126 775 2191 Bcuti
786 2147 895 2192 numen
908 2128 1011 2190 adscri-

326 2207 470 2281 heretum
489 2210 520 2270 in
536 2227 632 2289 eoque
652 2205 716 2272 ium
742 2206 885 2287 majorum
906 2226 1013 2271 exem-

348 2288 408 2347 lum
426 2287 558 2363 secutus,
578 2292 629 2369 qui
647 2287 723 2350 huuc
737 2289 882 2353 honorem
900 2290 1012 2352 mulieri

384 2372 468 2432 entiae
481 2371 662 2441 tribuerunn
680 2370 725 2428 cui
736 2391 792 2432 vos
806 2367 968 2451 pontifices
979 2369 1012 2432 ad

328 2470 408 2510 aram
428 2454 457 2510 in
468 2450 599 2512 Velabro
608 2447 702 2512 facere
716 2449 824 2513 soletis.
840 2448 941 2530 Quod
958 2470 975 2513 e

329 2551 419 2611 quum
436 2532 541 2592 dabam
560 2529 676 2604 Bruto,
695 2530 875 2596 noramzelie
898 2534 930 2596 in
992 2533 998 2546 ’

349 2614 495 2672 ratissima
506 2609 633 2673 viklociae
647 2609 853 2692 sempiternam
864 2612 1011 2678 volchm-

360 2710 428 2773 tque
444 2693 494 2753 illo
510 2692 559 2770 die
574 2696 701 2773 cognovi
719 2692 806 2773 puulb
818 2693 920 2774 plures
932 2695 961 2757 in
973 2693 1011 2756 se·

328 2790 398 2832 natu
418 2773 579 2834 malevolos
603 2770 683 2847 effe,
706 2772 795 2853 quim
823 2792 935 2854 grato&
958 2772 1011 2836 Eos

330 2872 382 2931 per
402 2854 479 2932 ipsos
499 2854 560 2916 dies
575 2852 664 2914 effudi
689 2850 736 2933 (si
748 2856 788 2915 ita
803 2855 875 2937 vis)
888 2855 1010 2916 honores

328 2933 359 2990 iu
376 2953 506 2995 mortuos
527 2935 655 2995 Hirtium
669 2934 701 2993 δι
720 2934 861 3010 Pansam,
876 2935 1010 3019 Aquilam

328 3014 417 3071 etiam
437 3034 444 3071 :
463 3014 543 3094 quod
559 3016 623 3094 quis
639 3016 847 3093 reprehendit,
859 3009 923 3079 ¹nisi
945 3019 1009 3097 qui,

330 3091 467 3173 deposito
497 3111 598 3167 metu,
621 3098 759 3173 praeteriti
783 3099 903 3177 periculi
928 3096 1012 3158 tuerit

329 3173 434 3235 oblitus
451 3173 461 3235 i
478 3173 648 3238 Accedebat
674 3175 710 3236 ad
735 3176 873 3241 beneficii*
890 3195 1012 3238 memo-

329 3256 399 3312 riam
435 3273 524 3316 ratam
546 3259 618 3317 ratio
632 3255 701 3328 illa,
718 3277 780 3336 quae
802 3262 891 3320 etiam
955 3255 1010 3320 ste·

328 3336 399 3394 rise
422 3351 451 3395 et
471 3336 621 3398 salutaris:
643 3334 751 3400 exstare
775 3343 856 3401 enim
874 3360 915 3401 vo
927 3339 1009 3400 ebant

328 3415 358 3473 in
378 3417 591 3482 crudelissimos
610 3416 706 3476 hostes
732 3438 925 3481 monumenta
955 3420 1010 3481 odii

328 3494 435 3575 publici
459 3497 640 3579 sempiterna.
664 3496 799 3577 Suspicor
824 3502 897 3564 illud
920 3502 1010 3562 minis

328 3577 381 3636 tibi
408 3579 545 3657 probari,
566 3578 647 3660 quod
669 3579 705 3638 ab
725 3581 781 3640 tuis
800 3579 1012 3652 familiaribus,

328 3659 446 3736 optimis
464 3660 519 3721 illis
546 3660 664 3742 quidem
684 3659 774 3733 viris,
794 3661 845 3724 sed
868 3667 899 3722 in
925 3683 1013 3743 repu-

326 3736 402 3808 blica
415 3740 551 3817 rudibus,
572 3763 633 3808 nen
650 3738 850 3822 probabatur,
871 3743 973 3827 qubd,
985 3761 1015 3805 ut
