2409 5492
327 1221 407 1319 '384
476 1222 848 1289 Epist-orntum

327 1336 420 1409 volo,
439 1335 508 1394 nihil
526 1332 585 1393 fere
603 1352 742 1412 umquam
763 1352 810 1395 me
829 1335 871 1393 sic
890 1330 1009 1411 exspec·

327 1414 416 1487 tasse,
440 1433 492 1487 ut,
513 1431 602 1495 quum
620 1414 682 1471 haec
700 1411 882 1487 scribebam,
900 1414 1007 1472 litteras

328 1514 397 1557 tuas.
425 1494 511 1555 Nunc
537 1492 678 1575 cognosce
707 1513 771 1567 ea,
801 1514 866 1573 quae
889 1493 957 1556 sunt
979 1496 1017 1553 in.

327 1576 484 1655 republica.
516 1572 712 1634 Comitiorum
739 1575 869 1653 quotidie
907 1572 1007 1654 singuli

326 1656 388 1715 dies
414 1657 552 1715 tolluntur
580 1655 875 1728 obnuntiationibus,
904 1652 1007 1734 magni

326 1737 477 1796 voluntate
503 1737 648 1795 bonorum
669 1737 817 1794 omnium:
842 1734 925 1794 tanti
939 1735 1007 1792 invi·

327 1817 376 1876 dit
389 1815 452 1877 sunt
467 1816 595 1876 consules
608 1834 727 1896 proptcr
738 1814 931 1894 suspicionem
946 1833 1007 1893 pac-

329 1912 425 1957 torum
451 1918 467 1955 a
488 1897 645 1956 candidatis
670 1896 865 1974 praemiorum.
894 1893 1007 1953 Candi-

328 1978 388 2037 dati
405 1976 565 2037 consulares
579 1996 718 2058 quatuor,
733 1996 836 2037 omnes
851 1976 906 2035 rei:
921 1972 1005 2033 causae

328 2057 392 2117 sunt
414 2056 542 2117 difficiles
564 2079 571 2115 :
598 2056 647 2128 sed
667 2058 810 2116 enitemur
826 2074 858 2115 ut
880 2052 1006 2115 Messalla

328 2135 423 2197 noster
437 2136 527 2210 salvus
541 2140 590 2197 sit:
600 2136 686 2217 ,quod
700 2134 740 2195 est
756 2139 843 2197 etiam
861 2155 930 2195 cum
947 2135 1006 2194 reli-

328 2237 450 2297 quorum
468 2216 555 2277 salute
572 2215 767 2294 conjunslum.
793 2214 956 2276 Gabinium
972 2214 1006 2273 de

326 2298 436 2357 ambitu
458 2318 540 2358 reum
558 2295 627 2358 fecit
645 2296 676 2356 P.
697 2295 798 2368 Sulla,
817 2296 1006 2356 subscribente

203 2451 205 2458 Α
287 2418 289 2422 ⁷
327 2381 462 2518 privigno
480 2379 645 2451 Memmio,
663 2376 747 2437 fratre
768 2374 914 2449 Caecilio,
932 2374 1007 2436 Sulli

350 2459 399 2519 lio.
424 2457 535 2519 Conttb
557 2460 627 2519 dixit
648 2457 681 2517 L.
701 2456 894 2537 Torquatus,
915 2457 1006 2517 omni-

328 2539 385 2599 bus
400 2561 435 2601 ue
459 2540 612 2600 libentibus
632 2560 691 2598 non
714 2537 849 2598 obtinuit.
871 2536 1005 2615 Qumis,

328 2561 399 2699 qui]
421 2619 470 2681 frat
491 2621 527 2681 de
551 2617 708 2681 Gabinio?
731 2617 851 2677 sciemus
879 2619 916 2677 de
944 2637 1006 2675 ma·

328 2698 425 2778 jestate
453 2702 578 2761 triduo:
610 2722 668 2780 quo
695 2697 812 2778 quidem
841 2700 872 2756 in
901 2696 1005 2775 judicio

327 2782 397 2842 odio
419 2785 557 2859 premitur
576 2783 707 2840 omnium
723 2799 863 2859 generum
882 2799 889 2835 :
914 2779 1005 2837 maxi·

327 2863 374 2919 m‘e
398 2860 513 2919 testibus
536 2861 676 2919 caeditur:
699 2859 910 2918 accusatoribus
933 2858 1006 2938 frigi·

326 2940 448 2997 dissimis
468 2943 576 2999 utitur:
597 2941 747 2999 consilium
767 2942 903 2999 varium:
929 2959 1005 3019 quae-

326 3021 397 3077 sitor
422 3023 515 3100 gravis
540 3019 689 3079 &firmus
711 3018 828 3078 Alfius:
852 3019 1005 3098 Pompeius

325 3100 483 3160 vehemens
498 3103 526 3159 in
544 3098 685 3176 judicibus
703 3101 848 3181 rogandis.
867 3098 952 3177 Quid
965 3099 1007 3158 su·

325 3196 421 3240 turum
441 3184 503 3254 sit,
524 3182 644 3240 nescio:
672 3182 771 3239 locum
793 3199 893 3240 tamen
915 3181 956 3238 illi
979 3182 1006 3237 in

326 3264 442 3322 civitate
463 3284 522 3321 non
542 3263 654 3322 video:
678 3264 805 3319 animum
830 3260 949 3339 praebeo
971 3259 1005 3317 ad

324 3343 400 3401 illius
427 3345 584 3420 perniciem
613 3342 825 3412 moderatum,
853 3341 890 3399 ad
915 3359 1007 3400 rerum

325 3441 464 3483 eventum
483 3424 669 3483 lenissimum.
691 3422 791 3480 Habes
811 3418 872 3480 feri
892 3420 928 3479 de
946 3440 1007 3480 om·

325 3503 409 3563 nibus
429 3503 523 3563 rebus.
545 3503 644 3563 Unum
662 3503 731 3562 illud
750 3501 855 3560 addam
874 3523 881 3558 τ
901 3499 1006 3560 Cicero

324 3601 390 3644 tuus
412 3582 562 3666 nosterque
585 3583 696 3659 summo
723 3580 814 3642 studio
839 3579 880 3641 est
902 3581 1006 3641 Paeontt

325 3664 366 3723 sui
384 3665 539 3739 rhetoris,
570 3664 724 3736 hominis,
756 3663 892 3741 opinor,
922 3660 1006 3721 valde

323 3748 473 3809 exercitati
491 3747 523 3811 &
536 3746 623 3810 boni:
640 3743 689 3809 sed
704 3741 830 3809 nostrum
843 3740 1007 3803 instituendi

917 3841 1007 3905 genus
