2409 5492
308 1226 372 1278 An
387 1208 431 1300 Q.
443 1209 640 1276 anrnrnr
650 1213 735 1280 Lm.
747 1209 794 1279 11.
821 1210 893 1305 361

211 1336 283 1385 tate.
299 1320 372 1384 Sunt
387 1320 437 1382 ista
455 1325 571 1404 quidem
589 1344 694 1406 magna
707 1369 716 1399 ‚
731 1324 779 1386 vel
800 1327 897 1406 porids

211 1406 368 1464 maxima:
396 1403 504 1465 habent
526 1407 604 1465 enim
624 1407 684 1467 vim
705 1426 838 1488 magnam
859 1408 897 1466 ad

211 1484 356 1567 gloriam,
377 1483 408 1543 &
427 1485 463 1543 ad
481 1485 618 1544 summam
639 1485 818 1567 dignitatem.
837 1485 897 1546 Sed

210 1565 286 1625 mihi
309 1563 423 1638 crede,
447 1585 533 1644 quem
555 1563 655 1637 nosti;
685 1565 763 1646 quod
784 1569 815 1626 in
838 1564 896 1626 istis

209 1645 299 1706 rebus
312 1664 371 1725 ego
386 1645 501 1724 plurimi
516 1643 624 1704 aestimo
637 1689 646 1716 ,
661 1645 690 1702 id
706 1642 763 1722 jam
779 1645 895 1718 habeo;

210 1741 241 1786 te
257 1724 366 1785 scilicet
381 1726 506 1804 primum
525 1744 584 1784 tam
600 1724 798 1785 inservientem
815 1746 896 1785 tom·

210 1807 294 1865 muni
323 1805 480 1886 dignitati3
511 1805 617 1865 deinde
646 1801 764 1865 Caesaris
785 1823 898 1865 tantum

211 1886 241 1945 in
263 1904 312 1945 me
333 1904 480 1957 amorem,
506 1904 592 1964 quem
613 1888 749 1945 omnibus
769 1885 811 1944 his
835 1886 894 1944 ho-

211 1965 352 2039 noribus,
373 1985 446 2045 quos
467 1986 514 2024 me
534 1989 551 2025 a
574 1965 602 2025 se
623 1964 785 2044 exspectare
809 1966 898 2040 vult,

211 2064 372 2126 antepono.
407 2046 519 2106 Litterae
542 2047 614 2106 vero
644 2043 706 2122 ejus
735 2045 793 2104 unlr
820 2046 894 2106 datae

212 2146 280 2186 cum
309 2128 392 2198 tuis,
423 2147 541 2206 quarum
570 2128 683 2185 initium
711 2124 778 2199 est,
806 2125 894 2206 quam

211 2205 305 2266 suavis
328 2208 355 2264 ei
375 2224 439 2266 tuus
462 2207 601 2266 adventus
621 2205 725 2278 suerit,
744 2205 775 2265 &
792 2225 894 2265 recor·

211 2286 291 2347 datio
308 2292 414 2345 veteris
433 2289 558 2357 amoris;
576 2287 703 2359 deinde,
727 2285 754 2345 se
776 2284 894 2346 effeslu-

209 2388 300 2440 rum,
317 2384 349 2426 ut
370 2386 426 2448 ego
444 2371 472 2426 in
493 2366 591 2426 medio
608 2365 709 2426 dolore
727 2387 759 2424 ac
776 2366 892 2426 deside-

210 2447 255 2509 rio
279 2449 342 2520 tui,
361 2466 413 2519 te,
437 2468 527 2527 quum
547 2467 565 2504 a
585 2466 632 2506 me
651 2444 781 2517 abesses,
800 2449 894 2524 potis-

210 2530 318 2587 simum
340 2525 435 2587 secum
457 2525 512 2588 esse
533 2527 665 2599 laetarer,
689 2526 894 2585 incredibiliter

211 2608 398 2669 delectarunt.
428 2606 530 2686 Quare
551 2605 621 2665 facis
639 2624 671 2665 tu
712 2605 808 2665 uidem
831 2605 893 2662 sra-

210 2690 311 2762 terue‚
331 2689 411 2768 quod
431 2709 477 2748 me
497 2689 643 2758 hortaris,
663 2628 711 2743 sed
729 2685 892 2744 mehercule

211 2785 374 2829 currentem
394 2789 470 2827 nunc
493 2767 632 2848 quidem,
659 2783 691 2824 ut
710 2767 808 2824 omnia
825 2784 891 2823 mea

211 2848 303 2910 studia
316 2852 347 2908 in
360 2848 442 2908 illum
458 2869 547 2908 unum
561 2845 719 2906 conferam.
742 2844 765 2903 E
786 2869 803 2904 o
818 2846 893 2905 verd

211 2930 324 2990 ardenti
346 2929 462 3009 quidem
485 2928 602 2987 studio:
631 2948 663 2985 ac
687 2866 799 2986 senode
823 2924 892 2985 effi-

212 3012 309 3083 ciam,
329 3010 408 3089 quod
429 3009 503 3088 saepe
523 3008 680 3067 viatoribus
701 3016 795 3088 quum'
816 3028 891 3086 pro-

234 3110 333 3164 erant,
350 3092 470 3161 evenit3
490 3106 541 3161 ut,
561 3091 584 3148 si
605 3087 690 3146 serius
705 3130 715 3158 ,
735 3087 821 3166 quium
838 3108 892 3146 vo·

212 3111 356 3240 lterum,
384 3169 458 3230 forte
486 3169 678 3240 surrexerint,
706 3166 891 3245 properando

212 3253 301 3313 etiam
326 3250 437 3324 citius,
465 3250 552 3328 quam
576 3250 600 3306 si
628 3247 664 3305 de
692 3247 781 3304 multa
806 3245 890 3304 nosle

212 3328 397 3413 vigilassent,
427 3332 595 3409 perveniant
622 3326 681 3407 quo
705 3326 818 3384 velint:
849 3328 890 3382 sic

213 3431 298 3494 ego,
328 3402 466 3491 quoniam
493 3413 523 3468 in
544 3407 594 3481 isto
620 3408 738 3466 homine
764 3404 891 3464 colendo

212 3508 271 3551 tam
290 3492 447 3550 indormivi
470 3489 518 3549 diu
541 3533 550 3560 ,
576 3505 606 3546 te
628 3487 790 3546 mehercule
816 3483 892 3564 saepe

211 3575 354 3634 excitante
378 3616 389 3646 ,
418 3568 497 3628 cursu
527 3571 668 3647 corrigam
699 3565 893 3638 tarditatem,

211 3668 273 3713 urm
293 3653 375 3732 equis
394 3695 404 3724 ‚
429 3668 493 3710 tum
512 3650 585 3708 verb
609 3647 776 3726 (quoniam
795 3643 892 3702 scribis

165 3772 166 3781 κ
210 3736 321 3815 po'e'ma
342 3731 436 3791 abeo
459 3727 587 3792 nostrum
607 3723 751 3807 probari)
773 3724 892 3804 quadri-

251 3817 354 3877 Tomus
371 3812 444 3874 ΧΗ.
758 3803 793 3886 Q
