2409 5492
323 1151 400 1221 292
472 1128 847 1198 Erisrornuun

320 1246 392 1317 cire,
409 1261 493 1324 atque
510 1241 662 1302 inauribus
674 1243 805 1300 omnium
822 1238 957 1322 gentium
971 1264 1009 1304 ac

320 1327 470 1384 nationum
493 1321 551 1384 esse
576 1322 735 1402 positam?
766 1343 826 1387 non
853 1323 1008 1384 itineribus

320 1406 376 1462 tuis
394 1405 546 1483 perterreri
567 1400 720 1462 homines?
740 1423 800 1460 non
819 1400 938 1482 sumptu
954 1423 1008 1463 ex·

318 1483 446 1543 hauriri?
464 1505 525 1542 non
546 1481 674 1541 adventu
698 1482 903 1542 commoveri?
925 1482 1007 1559 effe,

319 1583 508 1643 quocumque
533 1565 670 1635 veneris,
691 1562 722 1622 &
742 1562 878 1642 publice,
896 1563 929 1622 &
945 1567 1008 1643 pri·

317 1644 409 1702 vatim
441 1644 598 1702 maximam
628 1643 752 1701 laetitiam
776 1663 785 1715 ;
816 1663 907 1723 quum
937 1644 1005 1704 urbs

237 1750 241 1757 ·
317 1721 488 1797 custodem,
503 1744 563 1782 non
578 1738 757 1801 tyrannum,
781 1723 884 1781 domus
900 1722 1007 1804 hospi·

317 1820 397 1876 tem,
412 1825 472 1862 non
485 1803 693 1882 expilatorem,
705 1801 840 1882 recepille
851 1802 1005 1864 videatur?

360 1882 426 1943 ΙΙΙ.
453 1883 506 1942 His
534 1901 629 1942 autem
650 1886 680 1941 in
702 1883 787 1942 rebus
807 1881 866 1961 jam
884 1900 914 1942 te
937 1883 1004 1945 usus

317 1961 378 2040 ipse
409 1962 540 2043 profedib
566 1961 711 2034 erudivit,
734 1983 915 2044 nequaquam
935 1963 1003 2024 satis

317 2040 404 2115 elle,
431 2042 523 2121 ipsum
549 2041 631 2100 hasce
660 2043 766 2103 habere
791 2047 930 2116 virtutes,
950 2045 1004 2104 sed

317 2119 374 2182 elle
403 2120 689 2200 circumspiciendum
714 2124 890 2204 diligenter,
915 2128 1003 2185 utin

315 2201 370 2258 hac
404 2201 532 2261 custodia
558 2205 717 2282 provinciae
742 2225 802 2263 non
827 2222 857 2265 te
883 2222 1002 2278 unum,

316 2279 366 2340 sed
389 2303 492 2342 omnes
510 2281 652 2341 ministros
673 2285 787 2362 imperii
807 2287 870 2356 tui,
889 2280 973 2344 sociis
993 2331 1004 2360 ,

317 2362 351 2420 &
377 2364 517 2436 civibus,
548 2363 581 2421 &
608 2363 770 2442 reipublicae
819 2362 930 2424 raestare
951 2368 1004 2426 vi-

317 2442 413 2503 deare.
430 2444 618 2523 Quamquam
633 2444 742 2525 legatos
759 2386 848 2504 habes
863 2465 934 2517 eos,
952 2449 1003 2525 qui

316 2525 372 2602 ipsi
391 2544 443 2604 per
463 2523 492 2584 se
514 2524 637 2583 habituri
664 2528 719 2583 sint
738 2528 880 2585 rationem
901 2525 1003 2607 digni·

317 2607 382 2662 tatis
400 2604 454 2664 suae
476 2625 486 2676 ;
507 2604 544 2664 de
563 2605 666 2685 quibus
686 2605 796 2665 honore
816 2651 826 2679 ,
849 2607 880 2665 &
901 2606 1004 2688 digni-

315 2699 392 2755 tate,
412 2685 444 2742 &
460 2701 543 2744 aetate
557 2684 667 2763 praestat
682 2685 820 2759 Tubero,
837 2706 926 2766 quem
941 2707 1002 2768 ego

315 2763 466 2833 arbitror,
497 2764 653 2842 praesertim
677 2786 765 2844 quum
789 2766 890 2825 scribat
913 2765 1004 2828 histo·

315 2843 410 2915 riam,
433 2842 539 2901 multos
561 2864 596 2902 ex
613 2844 667 2903 suis
686 2847 833 2905 annalibus
851 2846 932 2926 polle
943 2849 1004 2908 'de-

314 2921 435 3001 ligere,
459 2943 532 3001 quos
555 2925 657 2995 velit,
689 2927 720 2985 δ(
751 2929 843 3005 possit
871 2930 1000 2988 imitari:

316 3003 448 3062 Allienus
474 3021 569 3062 autem
589 3003 684 3065 noster
710 3006 770 3078 est,
793 3028 881 3085 quum
900 3011 1000 3068 animo

316 3082 348 3141 ὃ(
368 3083 593 3157 benevolentii,
614 3103 675 3145 tum
699 3088 769 3146 verb
791 3089 880 3146 etiam
902 3092 1000 3147 imita-

312 3164 393 3223 tione
407 3166 535 3224 vivendi.
551 3165 628 3224 Nam
645 3168 713 3247 quid
732 3188 787 3246 ego
807 3168 843 3225 de
864 3167 999 3228 Gratidio

316 3243 433 3304 dicam?
460 3266 547 3324 quem
571 3248 650 3305 cerri>
668 3246 725 3304 scio
750 3250 789 3305 ita
810 3249 941 3308 laborare
962 3248 999 3309 de

313 3323 520 3386 existimatione
541 3325 608 3397 lua,
631 3345 662 3384 ut
680 3338 799 3405 propter
820 3348 953 3389 amorem
968 3331 1000 3388 in

314 3421 369 3462 nos
392 3405 569 3477 fraternum,
592 3408 680 3465 etiam
704 3407 740 3465 de
761 3405 854 3465 nostra
875 3409 1002 3470 laboret.

314 3481 498 3558 Quaellorem
522 3486 639 3559 habes,
666 3509 725 3546 non
744 3504 794 3545 tuo
814 3485 925 3564 judicio
949 3490 1002 3550 de-

311 3561 432 3637 ledlum,
452 3566 500 3626 sed
516 3587 607 3638 eum,
626 3587 713 3646 quem
732 3566 790 3627 sors
807 3568 902 3628 dedit:
921 3569 1002 3629 hunc

310 3661 427 3721 oportet
449 3645 677 3726 &luasponre
703 3646 758 3709 esse
780 3649 994 3724 moderatum,
