2409 5492
376 1269 448 1320 no
484 1253 738 1326 Bnututu.
820 1275 895 1354 4¹3

213 1369 283 1430 riam
301 1368 375 1446 fieri.
400 1384 472 1427 xvu
493 1370 566 1429 Kal.
585 1370 652 1432 Jun.
676 1374 727 1431 Ex
745 1376 837 1455 castris
861 1377 902 1434 ad

214 1454 297 1512 inam
320 1449 504 1510 Candaviam.

307 1576 475 1639 Bnurus
518 1574 727 1641 Cucunom
769 1582 799 1644 S.
855 1566 886 1580 '⁶

219 1715 250 1765 L.
270 1711 417 1762 Btuvwm
435 1725 461 1760 ut
483 1712 508 1760 in
531 1709 615 1778 Pansa
631 1713 706 1762 locum
721 1710 848 1774 nominet,
870 1737 899 1768 oc

230 1784 349 1851 Pontifex
358 1785 435 1834 minor
444 1800 553 1842 creetur,
570 1801 648 1854 rogat.
658 1787 731 1838 Anno
744 1788 776 1838 U.
790 1793 816 1839 C.
827 1808 884 1856 7¹⁰·

214 1885 453 2032 miluom
478 1954 599 2014 Bibulus
625 1957 705 2036 quim
727 1978 807 2017 carus
832 1956 899 2018 milii

215 2034 263 2113 effi
283 2034 380 2093 debeat
401 2078 412 2105 ,
435 2055 509 2093 nemo
527 2035 624 2095 meliies
634 2036 762 2117 judicare
781 2039 897 2120 potesl‘,

215 2117 295 2197 qudm
321 2133 350 2174 ιιι
371 2136 385 2186 ,·
405 2111 484 2191 euius
501 2134 583 2175 tanta
602 2139 654 2197 pro
675 2119 815 2198 republica
834 2118 900 2178 cori·

215 2199 372 2263 tentiones,
393 2194 644 2278 sollicitudinesque
653 2196 777 2275 ficerunt.
800 2200 898 2280 ltaque
946 2250 949 2260 .

213 2277 261 2337 uel
286 2277 378 2356 ipsius
402 2277 491 2334 virtus
511 2321 522 2346 ,
543 2279 589 2335 uel
617 2283 702 2357 nostra
728 2283 898 2341 necessitudo

215 2358 292 2417 debet
310 2357 455 2416 conciliare
476 2374 500 2415 te
521 2356 566 2415 illi
587 2379 597 2417 .·
625 2359 678 2436 qub
704 2359 793 2417 minius
811 2362 899 2419 multa

214 2438 281 2499 milti
290 2437 437 2517 scribendo
460 2434 508 2513 ff
529 2437 653 2498 arbitror.
675 2439 809 2500 Voluntas
828 2442 899 2499 enim

215 2537 241 2580 ιι
259 2538 366 2579 mouere
387 2518 463 2575 debet
481 2517 592 2594 nostra,
611 2521 636 2577 si
654 2519 732 2577 modb
747 2515 821 2597 justa
839 2518 899 2598 esl,

214 2618 264 2659 out
271 2620 324 2680 pro
335 2597 423 2680 officio
437 2595 580 2674 neceffario
585 2598 743 2678 suscipitur.
754 2597 789 2657 In
799 2597 898 2677 Pansa

215 2680 304 2741 locum
316 2698 405 2759 petere
424 2677 581 2756 constituit:
611 2700 669 2736 eam
689 2680 909 2738 nominationem.

215 2782 235 2820 ιι
252 2778 279 2820 te
294 2761 433 2840 petimus:
448 2781 531 2837 neque
547 2757 722 2838 conjunfliori
738 2761 804 2817 dare
820 2756 900 2818 bene'-

211 2841 308 2918 ficium
316 2884 327 2911 ,
343 2841 425 2918 quim
442 2861 492 2898 nos
507 2841 557 2898 tibi
566 2841 661 2919 sturnus
668 2861 683 2912 ;
697 2861 783 2919 neque
795 2841 902 2922 dignio-

215 2941 269 2979 rem
284 2923 424 2980 nominare
440 2938 539 2999 potes,
553 2922 633 2999 qubnt
648 2923 686 2981 sit
704 2921 835 2983 Bibulus.
850 2925 898 2981 De

216 3003 345 3061 Domitio
369 3002 398 3061 δ’
420 3001 543 3080 Apuleio
561 3004 629 3081 quid
651 3004 749 3062 attinet
773 3024 815 3060 me
827 3002 902 3081 scri·

216 3082 296 3154 bere,
311 3103 392 3161 quum
412 3083 467 3159 ipsi
480 3083 566 3160 persi
579 3083 630 3141 tibi
645 3083 902 3142 commendatissimi

215 3163 298 3221 sint?
318 3163 467 3242 Apuleium
481 3162 543 3220 ueri
559 3181 588 3221 ιιι
605 3165 653 3236 tud¹
669 3164 826 3220 autloritate
837 3160 902 3240 sus-

219 3245 304 3302 tinere
323 3243 410 3302 debes.
440 3244 498 3301 Sed
516 3244 657 3321 Apuleius
676 3245 705 3301 in
716 3241 769 3321 fita
791 3241 901 3321 epistola

217 3324 404 3382 celebrabitur.
419 3322 551 3382 Bibulum
567 3324 626 3383 noli
642 3324 773 3381 dimittere
790 3343 824 3380 ex
838 3324 902 3380 sinu

218 3421 264 3462 tuo
288 3422 393 3462 tantum
409 3400 472 3481 jam
493 3404 579 3460 uirum
596 3449 605 3475 ‚
624 3422 658 3461 ex
676 3421 802 3481 quanto,
825 3402 901 3459 crede

217 3485 308 3553 milti,
328 3487 410 3565 potest
427 3484 562 3555 evadere,
579 3485 626 3565 qui
643 3483 734 3564 uestris
748 3500 899 3564 paucorum

215 3563 375 3646 respondeat
397 3564 538 3624 laudibus.
