2409 5492
259 1243 337 1317 270
404 1223 777 1292 Earsrorrrrr‘rr

257 1336 316 1399 esle
340 1336 418 1399 bello
447 1337 523 1397 civili
550 1334 691 1395 miserius«
717 1333 822 1415 ltaque
849 1354 943 1417 quum

258 1415 355 1479 Casas
368 1417 494 1479 amentid
508 1415 633 1497 quadam
648 1431 812 1495 raperetur,
825 1415 857 1475 dt
868 1416 945 1477 obli·

255 1514 303 1558 tus
317 1500 458 1571 nominis,
468 1516 556 1577 arque
571 1497 717 1556 honorum
732 1495 947 1563 summitti·

225 1612 228 1617 ·
256 1579 389 1653 minum,
410 1576 577 1650 Pisaurum,
595 1576 774 1650 Anconam,
793 1575 944 1637 Arretium

257 1656 475 1738 occupavisset,
496 1659 598 1718 urbem
628 1657 794 1738 reliquimus
817 1678 826 1716 t
854 1657 945 1737 quim

255 1736 419 1818 sapienter,
431 1758 481 1799 aut
499 1736 586 1819 quiam
604 1734 734 1812 sortiter,
751 1737 823 1797 nihil
840 1740 945 1801 attinet

256 1817 414 1899 disputare.
444 1817 518 1896 Quo
545 1818 662 1899 quidem
687 1820 718 1877 in
743 1815 808 1876 casu
834 1820 945 1893 simus',

259 1901 356 1965 vides.
386 1898 527 1961 Feruntur
551 1901 675 1959 omnino
697 1898 882 1959 conditiones
906 1899 945 1959 ab

258 1979 330 2054 illo,
342 1997 373 2041 ut
388 1979 543 2060 Pompeius
564 1995 612 2039 eat
628 1981 659 2038 itt
674 1976 866 2058 Hispaniam:
885 1977 944 2040 de-

258 2058 348 2121 ledus
370 2062 418 2140 qui
438 2058 500 2119 sunt
520 2058 627 2132 habiti,
641 2058 673 2119 &
691 2059 824 2139 praesidia
845 2056 943 2120 nostra

260 2139 461 2201 dimittantur:
482 2138 511 2200 se
533 2140 702 2200 ulteriorem
720 2137 848 2200 Galliam
868 2136 945 2199 Do·-

260 2222 344 2280 mitio
355 2265 364 2291 ,
377 2221 538 2280 citeriorem
561 2217 704 2281 Considio
726 2218 863 2280 Noniano
878 2216 944 2299 (tiis

259 2303 338 2361 enim
359 2297 547 2382 obrioerunr)
561 2300 732 2360 traditurum
748 2319 755 2358 :
775 2300 813 2359 ad
833 2298 945 2361 consu-

259 2378 332 2470 latus
352 2350 527 2461 ⁴petitionem
548 2378 577 2441 se
600 2397 777 2453 venturum,
795 2399 832 2440 ne
856 2399 892 2440 ue
914 2379 947 2443 se

164 2503 168 2515 .
260 2479 327 2539 Jam-
341 2460 440 2533 velle,
462 2459 578 2521 absente
600 2460 652 2533 se,
672 2462 817 2520 rationem
901 2462 945 2521 eri

260 2538 302 2601 sui
317 2561 324 2600 :
340 2538 368 2601 se
384 2539 552 2621 praesentem
567 2539 762 2601 trinundinum
778 2541 946 2621 petiturum.

261 2621 440 2701 Accepimus
463 2621 644 2681 conditiones
662 2641 672 2694 3
695 2620 745 2681 sed
764 2622 872 2694 ira,-ut
890 2640 945 2680 te·

262 2719 381 2761 moveat
401 2701 531 2781 praesidia
551 2721 587 2761 ex
606 2700 649 2760 his
670 2701 742 2760 locis
763 2720 828 2780 quar
850 2720 946 2767 occu·

261 2780 949 2939 tili?insilit,lllssslsl‘l‘l‘i}

262 2942 286 2999 si
308 2940 430 3010 fecerit,
448 2939 511 3019 spes
537 2939 577 2999 est
605 2946 684 3018 pacis
710 2961 770 2999 non
795 2939 951 3015 honesloe:

260 3019 341 3100 leges
364 3022 442 3079 enirn
463 3026 677 3099 imponuntur:
700 3019 749 3081 sed
769 3021 884 3102 quidvis
904 3019 951 3082 est

261 3100 384 3174 melius,
399 3099 487 3240 ‹pu‘am
507 3103 547 3159 sic
567 3099 624 3161 elle
643 3117 675 3161 ut
695 3100 803 3161 sumus,
819 3100 870 3162 sin
889 3121 947 3162 au·-

262 3198 323 3241 tem
339 3181 387 3241 ille
417 3183 460 3239 uis
477 3180 689 3242 conditionibus
707 3180 779 3242 stare
798 3181 946 3259 noluerit,

262 3261 371 3322 bellum
421 3278 531 3322 aratum
558 3260 631 3335 est;
658 3258 798 3338 ejusmodi
826 3279 946 3336 tamen,

263 3343 344 3424 quod
359 3341 381 3403 .s
418 3343 496 3403 'nere
516 3342 563 3402 ille
583 3364 643 3402 non
663 3345 772 3425 possit,
788 3341 947 3422 prasertim

263 3443 353 3504 quum
373 3443 390 3481 a
407 3423 463 3484 suis
489 3423 703 3484 conditionibus
728 3422 787 3501 ipse
811 3421 944 3504 sugerit:

262 3504 465 3564 tantummodo
480 3519 511 3562 ut
524 3523 591 3563 eam
605 3502 845 3576 intercludamus,
854 3523 893 3564 ne
908 3503 951 3565 ad

264 3585 366 3646 urbem
382 3586 476 3664 possit
493 3584 651 3645 accedere:
667 3583 746 3665 quod
762 3582 952 3663 sperabamus·

262 3660 325 3721 fieri
343 3663 433 3744 posse.
452 3663 590 3726 Deleltus
609 3668 687 3726 enirn
708 3684 827 3746 magnos
848 3662 950 3725 habe-

264 3740 708 3829 bamus,putabamusqueillurn
718 3746 952 3820 metuere‚siact
