2409 5492
320 1265 374 1352 '32
471 1222 841 1322 [neronam

320 1371 397 1441 cius,
414 1364 445 1425 δι
463 1363 477 1445 (
496 1373 528 1425 uc
547 1363 672 1444 scribis)
690 1365 890 1439 reconditum,
914 1372 1001 1426 meo:

321 1467 387 1507 rum
408 1447 534 1527 aliquem
552 1447 685 1515 mittam,
706 1446 765 1523 qud
783 1443 895 1504 fidelius
919 1446 956 1504 ad
971 1463 1003 1509 te

321 1526 423 1665 ξιτψ
456 1524 643 1605 perferantur.
665 1524 751 1584 Vale.
778 1525 871 1585 Pridie
899 1523 1003 1588 Nonas

342 1627 412 1671 unu.

343 1741 389 1804 M.
410 1739 448 1803 T.
468 1739 507 1804 C.
531 1741 574 1802 D.
602 1740 721 1804 Βιωτο
746 1741 817 1804 ΙΜΡ.
836 1739 866 1802 S.
888 1739 921 1804 P.
942 1741 985 1803 D.

325 1885 518 1936 Comma
535 1881 638 1950 Appium
659 1882 798 1938 Gaudium,
818 1897 844 1930 uc
862 1899 891 1931 ex
910 1883 1006 1946 hostium

407 1974 500 2007 numero
525 1959 654 2006 eximatur.
673 1955 746 2005 Anno
767 1955 800 2005 U.
821 1958 848 2005 C.
868 1971 923 2020 7¹0·

328 2169 378 2211 22.
391 2081 518 2212 Cum
538 2150 639 2231 Appio
661 2149 808 2224 Claudio,
831 2150 895 2215 Caii
917 2151 1008 2231 fflio;

327 2229 438 2290 summa
459 2233 530 2290 mihi
550 2233 732 2294 necessitudo
751 2232 813 2307 est,
834 2234 928 2304 multis
943 2232 1006 2312 ejus

328 2308 457 2385 officiis,
481 2313 512 2371 &
532 2315 605 2373 meis
625 2314 729 2374 mutuis
751 2312 909 2374 constituta.
933 2313 1005 2391 Pete

326 2410 345 2453 a
368 2406 398 2450 te
423 2389 564 2469 majorem
582 2395 612 2451 in
633 2394 781 2465 modum,
804 2395 853 2455 vel
874 2394 1006 2455 humani·

326 2472 392 2530 tatis
413 2487 489 2545 tuae‚
507 2473 556 2534 vel
574 2474 641 2533 med
658 2474 760 2547 causd,
779 2492 810 2534 ut
828 2494 895 2534 eum
908 2474 1006 2536 audo·

327 2553 410 2610 ritate
431 2552 500 2626 tud,
519 2574 582 2633 quae
600 2554 754 2633 plurimdm
773 2554 869 2626 valet,
891 2554 1005 2616 conser-

328 2646 428 2690 vatum
449 2633 533 2692 velis.
555 2633 637 2693 Volo
653 2649 704 2708 te,
725 2654 814 2714 quum
834 2633 1011 2703 fortissimus*

328 2712 374 2768 vir
396 2715 525 2792 cognitus
554 2715 613 2786 sis,
640 2716 729 2774 etiam
752 2715 1005 2777 clementissimum

323 2788 488 2856 existimati.
512 2793 623 2872 Magno
654 2794 706 2851 tibi
731 2797 785 2861 erit
809 2812 1006 2869 ornamento,

232 2889 234 2892 ⁴
327 2871 537 2929 nobilissimum
558 2869 768 2930 adolescentem
791 2871 933 2931 beneficio
954 2890 1006 2934 tuo

329 2948 385 3009 effe
401 2948 519 3010 salviun.
538 2948 628 3028 Cujus
646 2950 764 3029 quidem
779 2950 860 3009 causa
872 2951 928 3009 hbe
946 2974 1008 3014 me·

322 3029 383 3092 Jior
407 3030 495 3092 debet
517 3029 692 3110 effe‚c'1ubd
717 3031 821 3110 pietate
846 3029 1006 3110 addudus,

328 3127 449 3188 propter
462 3113 548 3190 patris
563 3107 790 3183 restitutionem,
809 3110 837 3170 se
859 3131 925 3170 cum
940 3111 1007 3170 An-

323 3191 411 3258 ¹conio
433 3187 591 3269 conjunxit.
609 3189 711 3268 Quare
728 3192 782 3250 etsi
798 3191 892 3251 minhs
905 3211 1007 3252 veram

329 3268 442 3328 causam
471 3270 612 3343 habebis,
634 3286 732 3332 tamen
754 3271 804 3332 vel
826 3271 1006 3351 probabilem

325 3348 451 3428 aliquam
469 3353 577 3427 poteris
594 3350 743 3412 inducere.
760 3349 853 3413 Nutus
870 3371 933 3410 tuus
949 3371 1006 3428 po·

328 3427 381 3487 cest
397 3428 567 3502 hominem,
584 3428 696 3490 summo
714 3431 780 3491 loco
797 3449 911 3502 natum,
928 3429 1006 3493 sum·

327 3529 379 3567 mo
400 3510 539 3590 ingenio,
562 3507 674 3569 summd
695 3512 824 3584 virtute,
850 3509 1006 3571 officiosis-

327 3589 431 3646 simum
454 3606 592 3669 praeterea
611 3589 643 3648 ὃ(
662 3592 873 3671 gratissimum,
893 3591 1006 3668 incolu7

328 3685 407 3725 mem
429 3669 459 3726 in
488 3671 604 3731 civitate
634 3673 767 3731 retinere.
793 3669 887 3746 Quod
907 3689 939 3731 ut
961 3669 1007 3731 fa·

324 3746 405 3821 cies,
425 3749 465 3808 ita
491 3771 510 3811 a
534 3767 565 3811 te
586 3764 678 3832 peto,
700 3768 733 3811 ut
754 3746 864 3830 majore
887 3747 1007 3825 studio.
