2409 5492
387 1232 459 1283 AD
496 1217 750 1292 anruut.
813 1237 907 1313 429

163 1340 166 1389 ι’
219 1326 383 1469 ofitulandi
401 1328 544 1466 potestate
586 1333 692 1391 raecisd.
714 1335 772 1396 Sed
796 1339 908 1397 animus

219 1413 228 1470 i
249 1430 316 1482 em,
337 1410 388 1490 qui
412 1428 514 1489 emper
528 1353 630 1472 indxus
648 1411 688 1473 est
706 1419 735 1475 in
750 1420 849 1496 patriae
860 1438 909 1477 ca·

218 1492 331 1563 ritate,
350 1486 497 1549 discessum
521 1492 556 1550 ab
584 1491 646 1570 ejus
677 1497 811 1574 perieulis
829 1497 906 1557 serre

218 1590 280 1632 nou
298 1571 394 1652 potuit
409 1571 522 1650 :itaque
539 1575 568 1630 in
585 1573 683 1633 medio
697 1576 827 1637 Achaico
839 1578 911 1637 cnr-²

218 1648 249 1712 su
264 1696 274 1724 ,
293 1668 383 1731 quum
396 1646 557 1710 Etesiarum
577 1652 677 1712 diebus
690 1654 793 1717 Auster
810 1678 857 1718 me
872 1659 906 1715 in

218 1731 358 1805 Italiam,
379 1734 460 1810 quasi
478 1730 612 1792 dissuasor
627 1738 685 1794 mei
708 1738 838 1809 consilii,
856 1754 905 1796 tu-

219 1810 317 1885 lisset,
338 1828 370 1871 te
380 1810 443 1871 vidi
459 1810 573 1885 Veliae,
591 1813 730 1897 doluique
742 1817 908 1878 vehemena

220 1908 274 1954 ter.
286 1889 423 1953 Cedebas
441 1893 519 1952 enim
530 1939 540 1967 ‚
552 1893 661 1968 Brute,
673 1897 815 1964 cedebat,
827 1900 907 1978 quoi

221 1976 299 2033 niam
321 1970 412 2032 Stoici
428 1971 516 2033 vestri
536 1994 644 2057 negant
666 1975 766 2060 sugere
788 1977 906 2055 sapien-

221 2056 267 2114 tia.
283 2052 413 2113 Romam
431 2071 463 2113 ut
473 2058 542 2115 veni
552 2099 562 2126 ,
573 2057 665 2115 statim
677 2078 725 2118 me
736 2058 830 2118 obtuli
843 2057 908 2117 Αη-Ι

221 2132 294 2194 tonii
305 2131 422 2205 sceleti,
436 2150 525 2273 atfflue
536 2136 705 2198 dementia:
717 2158 806 2219 quem
815 2127 909 2218 quum'

220 2216 252 2273 in
271 2232 322 2273 me
341 2216 457 2275 incitavi
480 2235 551 2287 em,
570 2217 690 2278 consilia
709 2222 780 2281 inire
807 2222 903 2300 coepi,

222 2293 343 2356 Brutina
362 2295 447 2375 plane
467 2294 573 2375 (vestri
586 2300 665 2356 enim
683 2299 743 2358 haec
759 2299 822 2359 sunt
834 2321 905 2379 pro-

222 2377 284 2457 ptia
293 2373 436 2457 sanguinis
449 2374 637 2456 >reipublicae
650 2377 813 2457 liberandae,
825 2379 906 2438 Lon-

223 2476 268 2553 ga·
278 2454 364 2530 sunt,
385 2476 448 2537 quae
468 2454 592 2530 restant,
610 2458 828 2538 praetereunda:
842 2457 906 2519 sunt

223 2558 302 2600 trum
314 2537 352 2598 de
362 2556 410 2598 me
424 2557 432 2595 τ
445 2539 555 2598 tantum
570 2538 655 2613 dico,
675 2537 818 2600 Caesarem
830 2538 906 2598 hunc

223 2617 460 2690 adolescentem,
483 2616 536 2698 per
560 2639 649 2699 quem
671 2620 764 2680 adhuc
784 2619 879 2679 sumus
896 2661 907 2691 ,

226 2702 248 2759 ti
264 2718 371 2761 verum
388 2698 470 2759 fateri
482 2700 637 2773 volumus,
655 2699 762 2760 fluxisse
773 2719 809 2759 erc
822 2698 906 2759 fonte

226 2780 413 2841 consiliorum
430 2799 574 2839 meorum.
599 2779 676 2840 Huic
704 2782 792 2841 habiti
815 2801 832 2838 a
856 2798 907 2838 me

226 2861 355 2921 honores
376 2861 446 2919 nulli
467 2861 603 2942 quidem,
622 2859 730 2935 Brute,
750 2862 803 2922 nisi
821 2859 909 2919 debi-

227 2943 248 3000 ti
266 2961 276 3014 ;
295 2939 386 3017 nulli,
398 2943 452 3000 nisi
463 2939 616 3001 necessarii.
629 2940 672 3002 Ut
690 2945 768 3004 enim
780 2943 907 3023 primum

227 3021 391 3082 lihertatem
419 3040 556 3082 revocare
580 3025 747 3102 coepimus,
767 3042 855 3103 quum
878 3021 909 3081 se

228 3100 359 3162 nondum
378 3120 416 3160 ne
432 3100 550 3161 Decimi
569 3104 688 3182 quidem
708 3104 788 3163 Bruti
811 3103 910 3161 divina

228 3186 318 3245 virtus
336 3185 376 3244 ita
392 3180 592 3244 commovisset
609 3227 618 3255 ,
637 3202 669 3244 ut
696 3182 754 3260 jam
781 3183 849 3241 scire
878 3180 911 3240 id

231 3261 397 3343 possemus3
415 3278 500 3343 atque
516 3281 605 3322 omne
623 3264 785 3343 praesidium
801 3259 869 3321 esset
880 3262 911 3318 in

231 3364 344 3424 puero,
368 3345 415 3423 qui
436 3364 453 3402 a
472 3344 630 3403 cervicibus
652 3341 751 3401 nostris
769 3339 913 3402 avertisset

232 3425 417 3494 Antonium3
443 3427 505 3503 quis
528 3424 623 3481 honos
650 3425 758 3482 einen
781 3421 834 3481 suit
856 3421 914 3480 de·

233 3501 614 3583 cernendusiQuamquam
635 3523 691 3584 ego
707 3502 748 3561 illi
768 3517 830 3560 tum
843 3520 915 3560 ver-

233 3584 335 3645 bonrm
353 3583 470 3645 laudem
492 3584 596 3656 tribui,
617 3601 738 3662 eamque
760 3581 915 3641 modicam.

234 3662 364 3727 Decrevi
388 3667 475 3724 etiam
501 3665 655 3742 imperium
675 3683 685 3736 ;
705 3661 784 3743 quod
808 3680 914 3740 quem-

235 3765 319 3829 quam
347 3744 501 3811 videbatut
524 3745 567 3804 illi
594 3748 670 3807 aetati
695 3739 917 3825 honorificum,
