2409 5492
321 1231 400 1324 236
447 1231 818 1301 Errsrorrrnn

322 1375 368 1436 M.
386 1373 425 1436 T.
441 1371 479 1434 C.
501 1372 585 1433 litu.
606 1370 643 1432 C.
663 1370 893 1430 Mancaaao
916 1364 955 1430 C.
970 1366 1008 1430 F.

542 1459 623 1521 Cos.
650 1459 680 1520 S.
701 1458 733 1519 P.
754 1456 796 1518 D.
1009 1498 1012 1504 -

325 1594 516 1643 contuemur
527 1590 631 1655 studiosi
647 1587 714 1658 suam
732 1588 927 1650 existimationem
945 1578 1016 1659 cun-t

354 1660 405 1730 suli
423 1666 450 1714 C.
472 1664 594 1714 Marcello
612 1665 636 1714 in
650 1661 825 1732 supplicatione
846 1664 1005 1715 decernenda.

360 1738 434 1787 Auno
456 1736 489 1786 U.
508 1739 536 1787 C.
556 1755 613 1803 7⁰3·

330 1922 377 1965 10.
390 1835 607 2044 Quirino
631 1903 662 1963 id
682 1901 805 1975 accidit,
832 1896 918 1983 quod'
935 1902 1008 1963 mihi

326 1984 433 2044 maxim
470 1983 524 2044 suit
545 2000 674 2063 optatum
689 1982 751 2057 ‚unt
768 1985 900 2043 omnium
919 1980 1008 2043 Mar-

326 2064 487 2138 cellorum,
508 2056 746 2123 Marcellinorum
768 2063 856 2122 eriam
874 2058 1008 2142 (mirili-

327 2165 376 2217 cus
399 2147 477 2203 enim
523 2143 616 2203 eneris
637 2163 670 2201 ac
699 2143 823 2202 nominis
844 2138 930 2204 vellri
951 2140 1011 2203 fuit

326 2242 395 2305 erga
423 2243 471 2283 me
498 2163 609 2303 semper
632 2220 769 2304 animus)
798 2221 915 2361 quando
935 2241 967 2281 er
988 2243 1009 2289 o

328 2304 367 2362 ita
388 2304 519 2376 accidit,
551 2319 583 2362 ut
607 2303 736 2362 omniurn
762 2311 811 2363 vel
825 2301 889 2361 'rum
913 2298 957 2361 stu
979 2304 1019 2380 'o¹

327 2399 391 2442 tuus
404 2382 563 2442 consulatus
577 2381 735 2442 satisfacere
749 2381 858 2462 pollet,
872 2385 903 2441 in
918 2402 1010 2462 quem

327 2462 401 2521 t'neae
420 2461 591 2543 res'gestae‚
608 2461 725 2542 lausque
743 2466 776 2521 ot
790 2462 885 2521 honos
904 2481 1011 2523 earum

326 2544 509 2681 fotissimirrn
526 2542 685 2613 incideret;
699 2557 768 2620 peto
786 2565 803 2601 a
818 2559 845 2601 te
863 2541 912 2614 id,
926 2542 1012 2623 quod
1029 2616 1032 2621 ι

340 2622 495 2689 acillimum
517 2620 591 2681 faslu
609 2620 670 2694 est,
690 2641 750 2680 non
772 2621 938 2701 aspernante
949 2667 963 2694 ‚
977 2642 1014 2691 ur

328 2700 470 2775 confido,
497 2699 594 2761 senatu
613 2745 624 2775 ‚
648 2716 680 2759 ut
699 2700 786 2780 qulam
805 2698 1011 2761 honorificen-

325 2783 468 2840 tissimum
491 2779 790 2853 senatusconsultum,
809 2783 908 2842 litteris
934 2778 1012 2841 meis

326 2864 469 2931 recitatis,
485 2859 648 2919 faciendum
668 2881 760 2921 cures.
774 2859 804 2922 Si
822 2860 891 2920 mihi
909 2876 1010 2920 tecum

329 2943 423 2998 minus
448 2937 517 2998 esset
540 2985 549 3011 ‚
575 2940 661 3020 quim
682 2939 722 3000 est
746 2961 812 3000 cum
830 2943 884 3001 tuis
909 2936 1017 3011 omniq

326 3018 403 3092 bus,
425 3021 576 3098 allegarem
597 3021 633 3078 ad
654 3038 682 3080 te
702 3020 791 3093 illos,
807 3043 823 3078 a
842 3020 946 3099 quibus
962 3020 1019 3079 in-¹

327 3097 431 3179 telligis
454 3119 500 3158 me
522 3102 665 3179 praecipue
685 3100 774 3180 diligi.
791 3098 879 3158 Patris
898 3101 941 3159 tui
958 3100 1013 3160 be·

328 3177 430 3237 neficia
441 3181 470 3237 in
484 3199 531 3239 me
544 3178 607 3237 sunt
620 3181 806 3257 amplissima:
820 3199 914 3259 neque
929 3182 1012 3241 enim

328 3257 409 3318 saluti
431 3279 522 3330 meae,
545 3279 581 3318 ne
605 3280 639 3320 ue
660 3258 765 3318 honori
786 3260 905 3318 amicior
929 3256 1019 3352 quis-⁵

330 3359 417 3418 quam
441 3339 498 3398 dici
519 3281 625 3417 poteil.
646 3336 745 3397 Frater
762 3354 826 3398 tuus
845 3358 945 3418 quanti
961 3359 1011 3401 me

328 3417 434 3491 faciat,
451 3418 620 3496 semperque
639 3417 758 3491 fecerit,
780 3417 837 3478 elle
859 3418 1013 3491 homiuem

330 3499 379 3576 qui
394 3501 506 3579 ignoret¹
521 3497 642 3558 arbitror
656 3499 812 3557 neminem.
828 3496 1015 3575 Domusutua

329 3577 454 3656 denique
470 3595 531 3637 tota
547 3597 599 3637 me
612 3575 725 3656 semper
742 3578 875 3638 omnibus
885 3578 1014 3645 ,summis

330 3655 431 3715 officiis
456 3658 603 3735 prosecuta
629 3657 679 3716 eli.
710 3657 813 3738 Neque
836 3659 908 3716 verb
930 3677 961 3718 tu
982 3660 1014 3719 ln

329 3753 378 3798 me
395 3736 541 3820 diligendo
556 3741 689 3819 cuiquam
706 3736 868 3800 concessisti
883 3756 1016 3801 tuorum.
