2409 5492
346 1291 417 1361 Ar>
434 1291 667 1395 Fruitur,
684 1291 770 1367 ιω.
784 1288 852 1363 XI.
907 1305 964 1392 ‘37’

277 1413 357 1472 'amor
373 1427 439 1468 uon
456 1405 559 1468 habet.
578 1405 679 1467 Dilexi
696 1421 746 1480 te,
764 1429 823 1489 quo
842 1408 889 1470 die
906 1429 962 1470 co·

222 1526 223 1537 κ
293 1489 385 1561 novi,
408 1506 520 1566 meque
542 1506 608 1551 ate
625 1487 675 1547 dili
697 1488 703 1500 '
726 1484 858 1563 judicavi.
874 1488 958 1552 Tuus

275 1508 377 1629 deinde
403 1566 560 1642 discellus,
579 1565 660 1648 isque
676 1507 844 1642 diuturnus,
863 1570 959 1629 ambi·

222 1662 223 1673 *
276 1650 314 1713 tio
344 1645 470 1718 nostra,
497 1648 530 1708 δι
556 1649 625 1713 vitae
651 1647 870 1722 dissimilitudo,
895 1670 957 1713 non

276 1727 313 1789 est
333 1727 410 1808 palla
428 1728 598 1789 voluntates
623 1725 729 1787 nostras
749 1727 955 1808 consuetudine

277 1810 474 1889 conglutinari.
503 1807 605 1869 Tuum
623 1825 724 1871 tamen
741 1828 809 1889 erga
828 1828 875 1869 me
893 1811 954 1870 ani·
1011 1822 1016 1829 '

278 1908 352 1947 mum
372 1891 488 1970 agnovi
515 1888 615 1949 multis
643 1889 724 1947 annis
753 1905 818 1948 ante
846 1887 956 1957 bellum

277 1969 367 2040 civile,
389 1989 485 2048 quum
500 1967 597 2028 Caesar
613 1965 681 2028 ellet
694 1968 725 2027 in
741 1965 846 2029 Gallia,
860 1966 958 2047 Quod

275 2049 347 2108 enim
374 2049 571 2110 vehementer
590 2049 660 2107 mihi
685 2048 755 2109 utile
778 2044 835 2109 elle
864 2065 955 2128 puta-2

273 2126 338 2200 bas,
358 2149 417 2191 nec
436 2131 540 2190 inutile
558 2131 614 2210 ipsi
635 2126 764 2205 caesari,
783 2125 954 2267 {effecistss'

273 2224 303 2271 ut
321 2210 368 2269 ille
389 2230 439 2270 me
465 2210 620 2292 diligeret,
640 2210 767 2285 coleret,
806 2211 904 2269 aberet
920 2211 951 2275 in

273 2287 334 2350 suis.
355 2289 452 2350 Multa
482 2308 656 2373 ptaetereo,
685 2310 748 2370 quae
770 2307 830 2351 tem
852 2288 949 2351 oribus

272 2367 322 2428 illis
335 2372 480 2431 internos
494 2371 710 2432 familiarissimi·
724 2369 797 2430 dieta
807 2414 816 2443 ,
827 2311 950 2449 ldripta,

274 2452 483 2511 communicata
507 2450 598 2513 sunt:
626 2455 759 2532 grauiora
784 2453 863 2511 enim
884 2448 950 2511 sunt

273 2530 430 2591 consecuta.
464 2529 501 2593 Et
531 2533 613 2592 initio
640 2533 708 2591 belli
736 2532 827 2590 civilis
858 2549 950 2610 quum

271 2607 452 2672 Brundisium
466 2633 567 2673 versus
585 2614 641 2672 ires
659 2611 697 2671 ad
713 2609 879 2682 Caesarem,
895 2627 951 2669 ve·.

269 2689 329 2750 nisti
345 2693 382 2750 ad
399 2712 448 2752 me
465 2693 497 2751 in
511 2691 707 2752 Formianum.
727 2689 871 2761 Primltm,
891 2688 949 2749 hoc

270 2771 279 2828 i
299 2770 361 2830 sum
377 2775 489 2850 quanti,
507 2771 660 2851 praesertim
677 2770 856 2851 temporibus
871 2767 948 2831 illis?

270 2793 409 2926 sseinde,
426 2852 547 2913 oblitum
564 2874 612 2913 me
633 2870 715 2933 putas
736 2850 869 2922 consilii,
888 2848 947 2910 ser·

267 2934 364 2991 monis
385 2977 398 3006 ,
418 2934 600 2994 humanitatis
625 2931 704 2993 tuae?
735 2932 837 3014 quibus
861 2930 945 2993 rebus

266 3011 395 3074 interelle
422 3017 542 3074 memini
563 3011 743 3074 Trebatium.
778 3011 840 3072 Nec
872 3013 946 3083 verb¹

264 3093 321 3152 lum
343 3094 452 3154 oblitus
475 3096 633 3155 litterarum
659 3112 790 3166 tuarum,
817 3111 886 3174 quas
906 3091 945 3153 ad

263 3192 308 3232 me
331 3171 455 3246 misisti,
471 3196 561 3256 quum
581 3171 686 3235 Caesari
710 3175 828 3235 obviam
849 3171 945 3231 venis-

261 3250 303 3314 ses
325 3256 356 3312 in
375 3277 392 3311 a
413 3277 468 3328 ro,
490 3273 521 3315 ut
538 3256 676 3328 arbitror,
694 3250 871 3313 Trebulano.
891 3248 945 3310 Se·

262 3351 359 3392 tutum
384 3275 457 3394 illud
477 3355 537 3397 tem
558 3357 591 3395 us
623 3333 686 3408 est,
718 3353 807 3413 quum
834 3350 881 3392 me
906 3329 945 3391 ad

261 3409 434 3492 Pompeium
467 3437 522 3496 pro
546 3415 612 3476 cisci
643 3419 704 3476 sive
738 3414 831 3494 pudor
860 3430 943 3481 tnous¹

264 3496 378 3573 §odgin
392 3497 455 3558 sive
474 3495 623 3568 officium,
637 3499 697 3557 sive
711 3494 835 3554 fortuna
847 3491 944 3570 Quod

261 3571 385 3634 officium
416 3592 525 3650 tuum,
557 3578 635 3657 quod
666 3576 812 3645 studium,
839 3571 890 3632 vel
912 3573 943 3635 in

256 3653 405 3715 absentem
423 3678 496 3731 me,
516 3659 564 3719 vel
580 3661 610 3718 in
625 3656 776 3737 praesente<
796 3671 878 3713 meos
892 3651 944 3714 de·

256 3732 335 3794 fuit?
365 3758 455 3817 quem
488 3741 580 3818 porrb
603 3761 706 3801 omnes
730 3741 786 3801 mei
817 3744 849 3804 &
871 3745 942 3808 mihi

256 3815 286 3876 dt
305 3817 362 3877 sibi
377 3838 406 3880 te
427 3823 598 3883 amiciorem
619 3822 841 3903 judicaverunt?
862 3830 944 3897 Veni
