2409 5492
268 1266 772 1344 mmmmmllmll.
805 1279 876 1350 161

213 1384 269 1448 fidet
294 1405 345 1448 tua
373 1385 555 1467 dignitasque
580 1391 725 1468 patietur;
754 1392 881 1471 patietur

213 1483 291 1528 autem
317 1471 347 1527 in
377 1466 543 1527 omnibus:
576 1469 646 1529 nihil
671 1473 748 1530 enim
774 1471 824 1530 abs
848 1486 880 1530 te

213 1567 361 1627 unquam,
387 1546 471 1627 quod
506 1547 542 1606 sit
572 1550 696 1608 alienum
721 1551 775 1610 tuis
798 1595 808 1622 ,
831 1564 880 1609 aut

212 1629 282 1687 etiam
303 1628 359 1688 suis
380 1627 532 1699 moribus,
553 1626 714 1706 postulabit.
734 1629 880 1708 Praecipue

210 1726 292 1767 autem
313 1708 367 1767 tibi
385 1706 564 1767 commendo
582 1711 699 1790 negotia
718 1707 780 1787 ejus
792 1754 802 1782 ,
816 1726 880 1787 quae

210 1786 261 1846 lunt
282 1788 312 1847 in
335 1786 557 1867 Hellesponto:
574 1789 723 1867 primum,
741 1806 773 1847 ut
797 1787 881 1848 obti-

210 1886 267 1926 aeat
288 1866 319 1927 id
338 1864 410 1945 juris
431 1869 461 1925 in
480 1869 584 2005 agis,
613 1869 694 1948 quod
714 1869 742 1926 ei
765 1866 883 1926 Pariana

209 1948 298 2006 ciuitas
319 1946 477 2018 decrevit,
545 1945 646 2020 dedit,
664 1949 696 2007 ὃ(
713 1947 793 2025 quod
811 1945 885 2007 sem-

212 2045 257 2105 per
270 2025 395 2086 obtinuit
410 2028 472 2085 sine
487 2025 545 2085 ulla
560 2027 776 2100 controversia;
795 2026 885 2087 dein-

215 2105 261 2179 de,
284 2108 308 2166 si
329 2105 403 2187 quid
422 2105 540 2165 habebit
560 2126 626 2166 cum
649 2107 744 2188 aliquo
765 2103 886 2166 Helles-⁴

215 2187 304 2266 pontio
327 2186 561 2257 controversiae,
583 2204 615 2246 ut
630 2189 660 2245 in
675 2189 753 2247 illam
763 2185 887 2253 isitium

215 2263 322 2343 lejicias.
343 2264 405 2326 Sed
422 2287 483 2324 non
499 2265 569 2323 mihi
582 2266 709 2340 videor,
727 2285 816 2347 quum
833 2262 886 2325 tibi

213 2360 296 2409 totum
321 2346 475 2405 hominem
496 2345 711 2426 diligentissimi
731 2364 887 2406 commen·

218 2426 319 2499 latim,
342 2426 469 2507 singulas
493 2425 530 2484 acl
553 2443 583 2484 te
610 2424 673 2503 eius
696 2425 791 2487 causas
818 2444 887 2506 per·

218 2505 326 2567 solbere
341 2506 462 2565 debere.
480 2504 597 2565 Summa
613 2508 661 2566 illa
675 2510 731 2566 sit:
749 2504 889 2586 quidquid

219 2585 316 2660 officii,
337 2583 498 2657 beneficii,
517 2585 636 2645 honoris
656 2589 686 2646 in
703 2585 889 2645 Genucilium

222 2666 386 2739 contuleris,
398 2667 430 2725 id
444 2681 473 2724 te
489 2663 655 2724 existimabo
672 2668 702 2724 in
718 2662 891 2743 meipsum,

223 2760 294 2826 nque
311 2750 342 2806 in
361 2766 427 2806 rem
448 2765 544 2806 meam
567 2744 726 2806 contulisse.

237 2874 276 2936 M.
287 2874 322 2937 T.
337 2876 472 2940 C1cuao
488 2874 640 2939 Tamne
656 2875 779 2936 Pnoun.
795 2873 830 2936 S..
840 2871 891 2943 D„

232 3005 349 3060 Gutum
368 3008 443 3077 agie,
467 3010 529 3076 quid
544 3008 676 3059 liberaliter
693 3007 809 3076 trailaffct
823 3007 894 3057 Mar·

258 3083 352 3132 tilium:
373 3083 457 3131 deinde
472 3083 551 3149 petit,
572 3099 601 3132 ne
618 3079 697 3149 factus
717 3083 764 3149 ejus
783 3099 822 3133 tea
837 3080 894 3153 fiat·

259 3154 326 3204 Anno
343 3155 377 3206 U.
398 3157 428 3205 C.
443 3172 500 3220 7⁰3·

241 3242 449 3392 54Quum
482 3310 572 3370 multa
604 3311 674 3369 mihi
701 3322 778 3389 grata
807 3305 895 3375 suntg

242 3410 291 3468 quae
318 3409 349 3452 tn
379 3389 517 3451 adductus
549 3390 617 3449 mea
646 3388 899 3449 commendatione

164 3530 170 3546 .
243 3469 334 3545 fecisti,
356 3489 421 3532 tum
440 3473 471 3530 in
491 3473 612 3551 primis,
636 3469 717 3548 quod
736 3468 780 3527 M.
799 3464 902 3525 Marci·

243 3549 319 3622 lium,
338 3554 423 3612 amici
439 3568 529 3629 atque
540 3552 702 3628 intetpretis
721 3551 779 3606 mei
795 3545 903 3615 filium,

164 3622 175 3693 .'
243 3628 420 3693 lberalissime
439 3629 599 3690 traiiavilli.
622 3629 710 3687 Venit
729 3628 806 3685 enim
826 3624 906 3684 Lao·

164 3697 172 3719 ’
243 3709 356 3786 liccam,
374 3713 408 3773 &
423 3712 476 3770 tibi
499 3710 576 3791 apud
594 3727 644 3767 me
660 3752 671 3778 ,
689 3707 816 3786 mihique
834 3726 907 3785 pro·

164 3822 178 3881 f
243 3807 295 3871 met
322 3810 350 3855 te
375 3794 482 3879 gratias
508 3791 645 3855 maximas
671 3790 741 3873 egit.
774 3784 907 3870 Quare,
