2409 5492
312 1204 391 1299 446
506 1204 798 1271 Earsrozsa

314 1319 424 1380 doles:
446 1313 495 1376 sed
509 1333 512 1340 ·
525 1314 658 1387 flexibilis
686 1333 777 1386 aetas,
801 1314 948 1397 multique
968 1316 1005 1379 ad

313 1396 530 1479 depravandum
549 1399 661 1477 parati,
678 1398 747 1476 qui,
765 1394 923 1476 splendore
941 1396 1005 1459 falsi

314 1479 433 1542 honoris
450 1473 587 1551 obedio,
607 1479 699 1537 aciem
715 1476 789 1537 boni
804 1480 834 1536 in
856 1481 917 1539 enii
931 1500 1006 1559 prae·

314 1557 412 1640 stringi
429 1495 508 1638 pods
524 1556 685 1618 confidunt.
696 1555 800 1638 ltaque
817 1498 856 1618 ad
875 1559 1005 1640 reliquos

313 1640 362 1700 bic
387 1657 504 1718 quoque
524 1638 607 1698 labor
627 1639 699 1698 mihi
718 1640 859 1713 accessit,
882 1657 916 1701 ut
937 1661 1006 1701 om·

313 1740 367 1780 nes
381 1718 534 1780 adhibeam
546 1718 693 1786 machinas
708 1719 745 1778 ad
759 1719 922 1780 tenendum
935 1721 1006 1782 ado·

314 1798 492 1872 lescentem‚
508 1819 546 1860 ne
561 1798 671 1860 famam
688 1798 805 1860 subeam
823 1801 1004 1862 temeritatis.

316 1878 510 1959 Quamnam
540 1900 606 1960 quar
634 1882 780 1946 temeritas
808 1878 884 1948 esti
914 1883 1004 1962 magis

316 1965 397 2032 enim
419 1902 500 2024 iilum
522 2003 533 2034 ,
556 1981 611 2040 pto
637 1981 697 2041 quo
721 1958 893 2047 spopondi,
917 1960 1003 2041 quim

316 2061 365 2102 me
389 2044 397 2099 i
420 2039 481 2102 sum
507 2039 645 2121 obligavi.
673 2038 738 2100 Nec
761 2042 835 2102 verb
858 2044 1004 2120 poenitere

316 2063 419 2203 poted>
427 2120 658 2200 rempublicam,
676 2140 724 2188 me
742 2141 797 2200 pro
817 2141 853 2182 eo
873 2119 1006 2200 spopon-

316 2200 414 2274 diue,
436 2202 488 2281 qui
508 2199 564 2260 fuit
585 2201 616 2260 in
644 2200 730 2265 rebus
755 2199 886 2283 gerendis
911 2222 1005 2282 quum

317 2278 369 2354 suo
389 2282 532 2362 ingenio,
550 2297 614 2346 tum
629 2281 697 2347 mei
716 2282 910 2361 promissione
932 2301 1007 2344 con·

317 2357 446 2430 stantior.
469 2359 616 2422 Maximus
637 2379 735 2422 autem
754 2361 907 2443 (nisime
928 2361 1005 2425 forte

317 2439 390 2510 [silit
407 2439 421 2522 )
440 2444 470 2501 in
489 2462 520 2504 re
541 2442 638 2502 ublica
657 2442 751 2510 nodus
769 2440 830 2517 est,
846 2443 948 2523 inopia
966 2446 1008 2508 rei

318 2524 500 2603 pecuniaria.
515 2464 721 2588 &bdurescunt
736 2524 814 2584 enim
827 2525 922 2605 magis
957 2546 1009 2586 uo·

318 2603 388 2664 tidie
408 2603 478 2663 boni
493 2602 603 2679 viriad
617 2622 725 2666 vocem
741 2603 860 2676 tributi;
877 2545 959 2684 quod
972 2625 1008 2670 ez

318 2686 477 2748 centesima
497 2684 658 2755 collatum,
676 2683 840 2762 impudenti
856 2684 944 2745 censu
962 2684 1010 2748 lo·

319 2766 467 2845 cupietum
488 2767 548 2837 ,in
570 2764 691 2824 duarum
710 2764 862 2845 legionum
882 2767 1008 2845 praemiis

319 2865 408 2904 omne
428 2843 614 2904 consumitur.
632 2844 807 2932 impendent
822 2863 922 2912 autem
940 2846 1008 2907 infi-

318 2926 370 2989 niti
397 2924 555 3003 sumptus,
586 2945 676 3003 quum
704 2926 733 2984 in
757 2925 812 2992 hos
834 2928 1010 3001 exercitus,

318 3005 421 3082 quibus
453 3024 529 3068 nunc
557 3002 772 3079 defendimur,
797 3025 861 3072 tum
882 3009 956 3067 verb
980 3009 1007 3070 in

318 3078 410 3145 tuum.
432 3082 509 3144 Nam
531 3081 649 3144 Cassius
669 3083 765 3145 noster
787 3086 902 3150 videtur
925 3084 1007 3164 posse

318 3162 382 3225 satis
398 3181 516 3228 omatus
529 3166 639 3228 venire.
653 3164 712 3227 Sed
729 3167 761 3225 &
778 3166 837 3231 haec
848 3210 858 3238 ,
869 3164 902 3223 δι
916 3165 1010 3234 multa

318 3247 374 3306 alia
393 3245 492 3306 cotim
513 3247 624 3325 cupio,
651 3247 740 3327 idque
765 3246 852 3327 quim
871 3247 1011 3325 primunr.

318 3323 370 3394 De
400 3325 504 3388 sororis
537 3344 592 3390 tuae
622 3324 686 3386 filiis
719 3348 780 3386 non
810 3324 1011 3406 exspeuavi,

318 3404 428 3480 Brute,
448 3407 518 3469 dum
537 3406 683 3469 scriberes.
704 3405 837 3474 Omnino
854 3405 914 3485 jam
930 3424 1009 3469 tem·

317 3508 390 3566 pora
414 3485 427 3569 (
447 3488 565 3551 bellum·
582 3490 661 3549 enim
686 3487 837 3569 ducetur)
863 3490 1008 3570 integrant

317 3569 370 3632 tibi
391 3568 503 3632 causam
524 3568 680 3634 reservant.
702 3567 760 3629 Sed
782 3590 839 3651 ego
861 3590 879 3634 a
899 3572 1009 3648 princi-

317 3650 394 3727 pio,
413 3670 502 3730 quum
524 3651 654 3712 divinare
678 3648 714 3715 de
734 3649 803 3710 belli
822 3648 1011 3716 diuturnitate

318 3748 380 3790 nou
399 3729 532 3810 poffem,
553 3734 593 3794 ita
612 3729 723 3798 causam
738 3732 786 3812 egi
803 3750 966 3810 puerorum
983 3734 1014 3796 in
