2409 5492
258 1118 339 1193 228.
371 1117 780 1191 ,Eersroznnvrs

260 1233 407 1314 appellas,
430 1253 526 1293 meam
548 1253 608 1292 non
628 1230 719 1290 modb
738 1251 799 1291 non
819 1230 944 1307 calami·

257 1330 368 1386 tatem,
387 1312 436 1373 sed
457 1317 544 1374 etiam
564 1313 713 1393 gloriam,
735 1309 829 1371 studui
849 1312 944 1393 quim

256 1395 436 1477 orpatissima
450 1393 563 1454 senatis
581 1392 741 1472 populique
758 1391 886 1451 Romani
902 1394 947 1453 de

257 1479 305 1538 me
327 1469 432 1550 judicia
452 1472 643 1534 intercedere.
671 1469 772 1551 ltaque
792 1472 824 1531 &
848 1493 945 1553 augur

256 1551 357 1632 postea
381 1552 444 1614 fieri
461 1555 544 1615 volui
562 1597 571 1626 ‚
590 1551 669 1631 quod
690 1570 771 1611 antea
795 1552 945 1631 neglexe-

256 1652 340 1705 ram3
360 1634 393 1695 ὃ(
409 1655 477 1695 eum
493 1635 659 1704 honorem,
676 1634 723 1711 qui
739 1653 756 1690 a
771 1631 870 1691 senatu
889 1636 947 1704 tri·

257 1711 310 1773 hui
327 1713 412 1774 rebus
432 1713 541 1774 bellicis
559 1711 653 1783 solet,
674 1710 838 1791 neglectum
858 1734 875 1771 a
892 1734 949 1774 me

260 1792 358 1867 olim,
374 1814 452 1853 nunc
465 1794 535 1854 mihi
550 1792 745 1873 expetendum
763 1809 845 1870 puto.
863 1793 950 1853 Huic

261 1892 337 1933 meae
358 1874 527 1947 voluntati,
556 1875 584 1931 in
611 1894 668 1952 qua
689 1871 760 1932 inest
782 1872 946 1952 aliquavis

262 1952 425 2027 desiderii,
455 1953 490 2012 ad
511 1952 667 2012 sanandum
683 1953 787 2012 vulnus
807 1948 943 2030 injurie,

261 2050 292 2092 ut
318 2031 446 2105 faveas,
472 2029 642 2111 adjutorque
666 2034 723 2106 sis,
750 2033 830 2114 quod
853 2034 948 2113 paqu

262 2113 328 2172 ante
347 2132 395 2173 me
414 2132 551 2193 negaram
573 2130 757 2193 rogaturum,
777 2115 947 2174 vehemen-

262 2210 307 2253 ter
333 2210 363 2253 te
391 2212 490 2273 rogo;
517 2192 653 2265 sedita,
681 2197 705 2253 si
725 2216 786 2254 non
811 2192 950 2272 jejunum

262 2273 320 2333 hoc
334 2271 430 2333 nescio
448 2273 537 2354 quid,
554 2274 634 2352 quod
650 2293 666 2333 e
687 2295 708 2333 o
719 2277 810 2355 gessi,
824 2275 856 2335 dc
871 2296 952 2335 con*

262 2353 452 2415 temnendum
471 2353 643 2424 videbitur,
668 2294 721 2413 ied
745 2355 831 2425 tale,
855 2373 952 2434 atque

264 2450 409 2508 tantum,
439 2452 470 2495 ut
500 2435 583 2494 multi
614 2453 795 2516 nequaquam
827 2436 948 2514 paribus

228 2574 230 2579 .
264 2515 350 2575 rebus
368 2514 494 2575 honores
512 2516 669 2575 summosa
688 2516 783 2574 senatu
799 2514 952 2577 consecuti

265 2597 331 2657 tint.
356 2594 502 2676 Equidem
520 2598 609 2659 etiam
630 2595 702 2654 mihi.
719 2594 790 2654 illud
813 2595 950 2656 animad-

264 2675 377 2737 vertisse
397 2677 500 2735 videor
520 2675 597 2756 (scis
614 2678 708 2747 enim,
729 2675 814 2755 quam
835 2678 953 2738 attente·

264 2775 294 2817 te
311 2759 408 2817 audire
423 2755 530 2815 soleam
546 2756 559 2825 l
580 2772 609 2815 te
629 2778 688 2817 non
704 2773 762 2815 tam
777 2775 826 2815 res.
835 2755 954 2837 gestas,

266 2838 353 2918 quim
376 2856 494 2907 mores,
514 2834 656 2907 instituta,
678 2856 761 2915 atque
781 2838 871 2895 vitam
892 2840 949 2895 im·

266 2935 433 2998 pecatorum
461 2915 588 2994 spedare
610 2916 724 2988 solere,
751 2919 780 2975 in
807 2916 954 2977 habendis.

265 3016 315 3059 aut
335 3019 395 3058 non
414 2995 551 3055 habendis
570 2997 738 3056 honoribus,
755 2994 854 3075 Quod
874 3000 898 3056 si
917 3000 953 3055 in

266 3100 332 3138 mea
363 3076 444 3138 causa
472 3077 695 3150 considerabis,
718 3081 870 3155 reperies,
898 3098 953 3137 me·

267 3156 396 3221 exercitu
411 3157 574 3229 imbecillo,
590 3175 689 3216 contra
705 3174 815 3215 metum
830 3160 953 3216 maximi·

266 3240 358 3312 belli,
382 3238 573 3298 firmissimum
599 3237 762 3317 praesidium
791 3235 949 3311 habuisse,

266 3323 431 3399 equitatem
451 3318 484 3377 &
501 3319 719 3376 continentiam.
735 3316 793 3376 His.
807 3337 865 3396 ego
883 3316 956 3377 sub·

269 3403 348 3461 sidiis
370 3420 405 3460 ea
424 3398 486 3458 sum
504 3397 692 3470 consecutus,
716 3418 779 3477 quae
801 3397 885 3457 nullis
903 3398 957 3458 le·

267 3481 401 3558 gionibus
426 3476 562 3558 consequi
579 3476 751 3556 potuillem3
766 3494 799 3537 ut
820 3498 857 3537 ex
878 3479 956 3538 alie-

268 3561 392 3618 nissimis
412 3558 494 3619 sociis
510 3559 718 3632 amicissimos,
737 3577 772 3618 ex
790 3557 959 3627 infidelissi-

153 3681 200 3730 χχ
267 3637 322 3710 mis
339 3637 517 3700 firmissimos
532 3638 703 3714 redderem,
715 3637 882 3720 animosque
896 3660 960 3718 ηαξ,
