2409 5492
306 1237 340 1292 2‘
456 1216 829 1284 Enzsronunon

306 1332 404 1404 trari,
433 1329 492 1389 tutb
522 1331 553 1390 in
577 1329 641 1388 urbe
665 1327 714 1407 effe
741 1348 899 1410 quemquam
925 1325 990 1407 nos·

306 1414 376 1472 trrirn
385 1433 398 1484 ‚·
415 1413 485 1469 adeo
502 1408 551 1489 effe
567 1411 683 1470 militurn
701 1413 851 1469 concitatos
863 1410 990 1482 animas,

308 1494 336 1553 fr
349 1492 449 1574 plebis.
466 1493 552 1570 Quod
565 1509 705 1570 utrumque
721 1488 770 1569 effe
781 1487 903 1572 sinistam,
919 1506 990 1568 puto

306 1595 358 1634 vos
374 1567 609 1642 animaduertere‚·
628 1589 708 1650 atque
725 1570 799 1631 illud
811 1567 860 1647 effe
878 1589 993 1642 utrum,

307 1655 382 1733 quod
403 1653 515 1711 Hirtius
540 1651 761 1732 demonstrabat,
792 1651 882 1708 timere
907 1670 993 1723 eunt,

307 1755 365 1805 ne,
383 1735 410 1790 si
433 1733 563 1792 mediocre
582 1732 721 1791 auxilium
741 1732 882 1812 dignitatis
901 1732 992 1810 nostra

306 1811 510 1892 babuiffemus,
534 1812 618 1873 nulla
637 1829 730 1892 partes
750 1814 788 1872 iis
808 1813 837 1870 in
853 1811 994 1890 republica

310 1895 531 1974 relinquerentur.
554 1899 646 1974 Quum
668 1894 698 1952 in
720 1894 763 1951 bis
783 1894 910 1972 angustiis
930 1912 995 1953 uer·

303 1975 403 2056 farer,
417 1975 553 2052 placitum
575 1974 715 2053 eslmibi,
732 1991 763 2031 ut
774 1973 935 2052 postularem
953 1971 995 2029 le·

307 2057 444 2136 gationem
461 2053 574 2111 liberam
594 2054 660 2112 mibi
674 2096 684 2123 ,
700 2050 866 2130 ‘reliquisque
883 2052 996 2131 nostris,

311 2153 341 2195 ut
361 2135 458 2212 aliqua
480 2132 563 2210 causa
581 2133 772 2212 proficiscendi
793 2134 898 2212 honesta
921 2152 997 2212 qua·

310 2233 418 2274 teretur.
438 2214 508 2272 Hac
524 2211 551 2289 fe
566 2213 769 2292 impetraturum
784 2214 928 2290 pollicitus
943 2215 995 2288 eti:

311 2316 361 2356 nec
381 2312 470 2352 tamen
490 2294 526 2350 im
548 2310 693 2352 etratururn
711 2294 816 2370 confido
836 2314 846 2352 .·
867 2309 945 2352 tanta
962 2294 998 2371 esl

312 2374 448 2436 bominum
471 2375 509 2432 in
522 2375 655 2446 olentia,
686 2374 714 2433 fr
739 2375 818 2453 nojlri
850 2374 999 2451 insellatio.

312 2459 361 2518 Ac
370 2499 381 2526 ,
396 2457 422 2514 si
438 2456 559 2514 dederint
572 2458 647 2535 quod
657 2458 794 2536 petimus,
809 2473 896 2513 tamen
910 2453 998 2533 pauli

310 2537 371 2620 post
383 2532 510 2615 ficturum
536 2554 635 2617 puto,
666 2553 697 2594 ut
718 2537 800 2617 bosles
819 2532 1000 2613 judicemur,

315 2637 365 2678 aar
391 2619 464 2696 aqud
488 2618 515 2677 S·
535 2619 594 2699 igni
616 2617 694 2678 nobis
714 2615 900 2676 interdicatur.
923 2617 1004 2695 Quid

316 2721 376 2779 ergo
398 2700 450 2778 est,
471 2698 586 2777 inquis,
609 2701 649 2758 tui
671 2696 811 2757 consilii?
829 2697 952 2756 Dandus
967 2697 1002 2776 est

316 2780 394 2839 locus
415 2777 564 2855 mortuno,
594 2781 739 2837 cedendum
756 2798 790 2836 ex
809 2775 923 2851 Italia,
945 2777 1003 2834 mi-

313 2859 447 2940 grandum
471 2859 598 2916 Rhodum
618 2901 630 2928 ,
668 2876 717 2916 aut
750 2857 843 2935 aliqui
870 2877 1001 2916 terrarum

317 2938 444 2997 arbitror.
468 2939 501 2997 Si
520 2937 615 2996 melior
633 2939 711 3016 casus
720 2937 828 3010 fuerit,
844 2957 1003 2998 reuertemur

318 3022 457 3089 Romam,·
472 3018 499 3077 si
515 3019 678 3088 mediocris,
695 3020 725 3077 in
742 3019 840 3078 exsilio
858 3020 980 3078 vivemus
989 3039 1002 3090 ‚¹

319 3101 345 3157 si
359 3099 518 3178 pessimus,
537 3099 575 3155 ad
592 3100 744 3157 nouissima
764 3098 877 3156 auxilia
893 3099 1013 3177 descens

320 3182 424 3239 demus.
455 3183 595 3239 Succurret
618 3176 731 3257 fintaffe
759 3180 809 3238 hoc
837 3179 896 3239 loco
918 3179 1006 3238 alicui

320 3260 454 3342 vestrim,
478 3281 526 3318 cur
548 3261 723 3321 novissimum
743 3276 848 3338 ternpus
868 3258 1006 3338 exspetle-

321 3361 381 3400 mus
393 3339 509 3421 potibs',
523 3340 604 3419 quint
622 3361 693 3398 nunc
711 3340 819 3419 aliquid
837 3336 1006 3397 moliamur?

324 3423 425 3502 Quia,
450 3420 502 3478 ‘ubi
530 3419 734 3499 consistamus,
765 3434 820 3481 non
846 3420 1006 3492 babemus,

320 3520 418 3581 prater
441 3503 508 3560 Sex.
530 3501 713 3576 Pompeium,
739 3497 894 3577 &Baffirm
913 3499 1007 3559 Caci·

324 3582 419 3652 lium3
445 3583 493 3660 qui
520 3582 586 3640 mibi
604 3582 755 3652 uidentur,
780 3584 829 3641 boc
852 3582 950 3640 nuntio
972 3582 1005 3638 de

326 3662 428 3738 Casare
450 3663 540 3722 aliato
551 3707 563 3734 ,
575 3663 711 3740 firmiores
724 3661 823 3739 futuri.
844 3663 922 3720 Satis
938 3657 1028 3720 tem-⁷

322 3762 389 3822 pore
403 3742 443 3801 ad
457 3765 503 3804 eos
515 3745 692 3816 accedemus,
707 3743 776 3814 ubi,
792 3741 861 3820 quid
875 3741 1010 3823 ualeant¹
