2409 5492
347 1276 405 1322 rr
431 1261 765 1326 conaremur.
841 1278 895 1343 50¹

249 1362 312 1416 lbid.
330 1375 356 1427 9.
373 1363 423 1413 Sed
438 1380 516 1412 samen
527 1366 586 1414 idem
603 1383 639 1414 me
656 1360 801 1429 consolamur.
815 1365 898 1414 Etiam

213 1437 328 1488 hominem
340 1436 385 1485 dc.
396 1438 432 1485 lta
448 1451 501 1484 cum
513 1438 622 1488 Vidiorio
633 1440 713 1487 locum
725 1438 840 1490 exhibent
856 1454 897 1489 re·

210 1511 246 1578 gii
264 1509 373 1559 codices.
392 1508 519 1559 Lambinus
539 1511 625 1561 naluit
640 1528 649 1568 ;
667 1505 711 1575 sed
730 1509 805 1578 iidem,
818 1525 896 1560 samen

211 1600 248 1633 me
266 1580 420 1647 consolantur
436 1599 446 1638 ,·
468 1581 491 1629 δ’
506 1582 555 1645 jam
572 1583 685 1631 hominem
699 1583 814 1648 perustum
829 1582 897 1633 inani

210 1655 308 1724 gloria‘,
323 1655 349 1704 h.
364 1670 389 1704 e.
406 1654 531 1703 ardentem
546 1655 657 1719 cupidine
673 1654 751 1703 famae.

200 1750 202 1757 ·
250 1727 311 1776 lbid.
337 1740 377 1775 ιι.
395 1727 434 1775 Ne
462 1725 579 1792 ignaviter
607 1728 632 1776 dr
659 1724 762 1793 inglorii
779 1743 895 1791 peream

211 1799 253 1850 fed
271 1814 359 1865 magno
376 1798 458 1865 aliquo
473 1799 582 1850 facinore
598 1799 685 1856 edito,
705 1801 769 1862 quod
785 1800 896 1851 audiatur

211 1871 350 1938 apostetis.
372 1871 439 1920 iliad.
460 1864 489 1923 κ’
507 1885 568 1936 304.

249 1944 311 1994 lbid.
327 1958 368 2005 ¹7·
386 1943 508 2013 Praecepea
531 1944 670 2011 Euripidis,
686 1943 727 1993 odi
745 1942 894 2010 sapientem,
956 1959 963 1974 ·

210 2015 253 2085 qui
271 2016 320 2081 ipse
340 2015 384 2065 sibi
403 2034 451 2065 non
469 2017 536 2083 sapit.

248 2088 310 2138 lbid.
324 2102 366 2137 20.
382 2089 456 2138 Simul
474 2091 580 2140 aironte
599 2089 625 2138 ἃ
637 2100 731 2157 atergo
749 2089 839 2141 videre.

247 2160 310 2210 lbid.
328 2173 372 2224 23.
384 2162 482 2227 Semper
502 2163 602 2214 fortiter
620 2177 712 2229 agere,
731 2163 819 2214 &aliis
830 2179 896 2229 prae·
940 2204 943 2211 .

211 2231 283 2284 stare.
295 2232 363 2282 Iliad.
379 2233 392 2285 i
409 2235 470 2283 208.

250 2318 321 2369 123,
342 2321 369 2355 α.
383 2303 474 2355 Genese
488 2322 550 2356 noso
570 2305 711 2355 litterarum.
727 2306 768 2356 Ob
785 2307 895 2374 interpo-

211 2377 273 2431 sitos
286 2376 394 2429 -Graecos
413 2379 504 2429 versus.

248 2451 308 2501 lbid.
325 2465 366 2501 12.
384 2451 426 2500 De
438 2469 466 2500 eo
540 2449 597 2500 dene
610 2446 767 2517 speraviffem.
787 2450 822 2500 lta
840 2467 894 2501 cum

209 2522 328 2574 lambino
345 2524 371 2573 &
388 2523 442 2572 frid
467 2521 597 2573 Gronovio
609 2523 726 2573 dedimus.
740 2522 839 2574 vitiose
850 2540 897 2572 co·

210 2597 297 2654 dices,
316 2613 346 2645 cx
361 2612 389 2645 so
453 2593 510 2645 bene
518 2595 683 2662 speraviffem,
703 2595 757 2660 quia
772 2596 895 2662 praecessit

208 2668 251 2719 illa
269 2668 427 2734 praepositio,
442 2669 505 2717 unde
526 2685 594 2718 error
610 2668 730 2717 Librariis.

252 2756 283 2791 12
288 2757 300 2803 5
314 2774 322 2800 ,
341 2757 382 2801 24.
400 2741 478 2812 Qua'm
493 2741 605 2790 maximus
614 2740 667 2808 pust
680 2742 732 2789 med
744 2741 789 2791 dc.
802 2740 895 2790 Manu-

209 2813 259 2864 tius
276 2813 439 2872 coniiciebat,
457 2814 524 2881 qudm
538 2814 652 2864 maximus
665 2814 757 2880 petest,
769 2815 822 2863 med
831 2831 894 2863 com·

210 2887 369 2937 mendaciore.

251 2973 322 3022 129,
342 2973 383 3008 ιι.
400 2957 522 3008 Patrensis
538 2957 747 3026 civisfiac‘luseffet.
758 2959 850 3010 Amissi
860 2959 901 3009 ci·
925 2988 928 2993 -

209 3030 287 3081 vitate
298 3030 414 3081 Romani.
435 3033 495 3080 Nam
508 3034 601 3100 legibus
619 3033 731 3084 Romanis
747 3049 817 3083 nemo
836 3033 902 3081 dua·

210 3121 264 3154 rum
281 3103 403 3154 civitatum
420 3105 478 3154 civis
494 3105 540 3154 eise
561 3118 666 3171 poterat.

252 3189 318 3239 130,
338 3192 364 3239 7.
379 3175 409 3226 ln
421 3178 555 3225 valetudine
571 3195 680 3227 meorum.
694 3176 809 3233 Tironis,
823 3192 894 3241 quem

210 3249 334 3299 decedens
352 3266 383 3299 ex
399 3248 483 3298 Cilicia
500 3248 575 3299 Patris
594 3266 683 3317 egsum
701 3249 808 3315 reliquit.
827 3250 893 3302 Vide

202 3322 266 3372 ¹libr.
281 3321 379 3388 16,ep.
394 3336 404 3371 1
420 3356 427 3380 ‚
446 3337 481 3380 2,
500 3323 550 3371 dre.

249 3394 310 3443 lbid.
331 3410 375 3443 22.
396 3394 429 3444 Es
445 3395 469 3444 in
488 3394 551 3444 omni
563 3409 646 3461 genere
663 3391 736 3458 officii
752 3394 894 3461 diligendus.

211 3466 325 3518 Graevius
336 3467 403 3516 delet
413 3469 522 3516 voculam
533 3467 566 3515 in.
586 3466 709 3514 Manutius
722 3465 780 3518 verd
792 3467 816 3517 8(
828 3466 894 3519 Frid,

212 3539 375 3597 Gronovius,
399 3556 444 3605 pro
467 3539 616 3608 diligendus,
634 3550 755 3604 reponunt
772 3537 892 3607 diligens,

211 3614 251 3662 vel
271 3613 469 3680 diligentissimus.

253 3697 322 3748 132,
337 3699 361 3736 ι.
376 3686 399 3733 Α
406 3683 591 3746 studiisnostris.
603 3683 774 3749 Philosophiae.

252 3770 301 3820 133
314 3790 321 3815 s
333 3757 360 3808 6.
378 3758 432 3829 Quo
445 3758 467 3807 d
479 3759 511 3820 est
520 3759 590 3825 apud.
603 3757 804 3820 Coniundiionem
819 3754 895 3818 &deq

211 3829 335 3894 lenimus,
347 3832 537 3902 quamignoraut
547 3832 609 3904 regii
618 3831 726 3887 cedices.
744 3844 747 3849 ·
802 3846 823 3892 .‘
837 3846 843 3878 1
