2409 5492
381 1212 434 1289 '66
536 1215 917 1283 Entsrozantrn·

380 1332 465 1412 igitur
487 1353 538 1389 uos
554 1330 619 1388 bene
634 1326 765 1408 sperare,
783 1327 811 1385 b
827 1324 980 1408 rempublin

372 1434 431 1473 :vos
457 1411 512 1490 istic
538 1410 718 1488 expediislis,
741 1408 783 1466 ita
823 1428 853 1466 ro
876 1410 966 1487 nostra

382 1492 502 1550 celeriter
515 1491 593 1549 nobis
607 1488 728 1566 expediri
742 1428 823 1566 poffi
829 1489 973 1565 confidere.

373 1574 465 1634 Data
480 1570 577 1629 Idibus
593 1571 660 1632 Iun.
678 1572 792 1648 Cypro,
809 1589 827 1624 a
840 1568 980 1647 Crommya

397 1712 572 1775 Luctuws
600 1710 773 1772 thtnout
801 1728 865 1772 suo
893 1710 925 1772 S.
946 1709 980 1771 P.

350 1900 354 1909 .
386 1860 526 1913 Emtm
554 1877 590 1910 ret
615 1877 630 1906 a
649 1854 677 1925 se
698 1858 791 1927 gestas:
818 1858 924 1909 Rhodios
942 1876 980 1909 aet

418 1933 608 2003 procurationem
623 1930 687 1979 Asia
701 1931 782 1997 petie:
797 1932 880 1980 merita
891 1928 938 1999 sua
953 1931 979 1981 in

422 2020 591 2057 commemorat.
609 2002 683 2053 Anno
701 2003 734 2053 ll.
756 2006 783 2054 C.
805 2020 860 2074 7to.

389 2219 437 2275 14.
452 2131 613 2288 Quum
640 2204 756 2263 Brutum
782 2202 980 2282 nostrum-tom

378 2281 463 2362 sem,
485 2304 593 2362 tumque
613 2283 720 2346 taediis
740 2285 770 2341 in
796 2283 900 2342 Asiam
924 2302 980 2342 veru

386 2364 646 2433 animadverterem,
669 2366 699 2422 in
720 2363 822 2423 Asiam
843 2363 936 2434 redii,
957 2381 980 2419 u.

373 2445 467 2521 -quias
490 2445 541 2502 mei
560 2444 665 2503 laboris
683 2445 854 2522 colligerem,
876 2442 905 2501 6·
921 2461 980 2521 pret

385 2525 466 2601 quim
498 2522 614 2603 primitm
643 2527 759 2583 Romam
787 2525 926 2581 mitterem.
956 2523 980 2581 lr

386 2607 500 2682 cognovi
522 2607 552 2662 in
573 2605 662 2680 Lycia
682 2601 730 2679 ff
753 2600 978 2679 elaffem'Dolab

386 2682 554 2760 ampliusque
569 2701 674 2741 centum
684 2705 770 2743 naves
783 2684 942 2752 onerarias,
953 2682 980 2741 in

376 2765 522 2825 ¹exercitus
543 2759 602 2840 ejus
621 2764 724 2840 imponi
745 2759 829 2842 poffet
838 2783 851 2833 ;
871 2764 951 2840 idque
969 2766 980 2821 l

387 2839 486 2898 bellam
508 2840 541 2897 ed
558 2858 643 2898 mente
662 2839 845 2922 comparaffe,
866 2860 915 2913 ut,
938 2843 980 2899 si.

381 2918 448 2998 spes
478 2941 537 2978 eum
560 2918 693 3000 frustrata
721 2919 801 3000 ffb
831 2921 980 3000 conscendet

386 3020 491 3073 naves,
514 3001 668 3060 &ltaliam
683 3020 806 3082 peteret,
823 3002 905 3080 fitque
923 3021 980 3059 eum

386 3082 494 3153 cottiis,
523 3081 550 3139 δ’
576 3084 688 3160 reliquis
712 3083 865 3141 latronibus
887 3079 980 3162 conju!

389 3159 477 3238 Cujus
492 3163 531 3219 rei
547 3179 624 3222 tanto
641 3165 670 3223 in
687 3164 780 3221 timore
790 3161 859 3240 firi,
877 3182 926 3234 ut,
943 3182 980 3221 on

388 3241 467 3301 rebus
489 3242 587 3300 reltnts
607 3287 617 3315 ,
640 3262 699 3301 cum
715 3243 891 3322 paucioribus
910 3243 937 3301 δ’
953 3262 979 3299 m

386 3320 437 3378 lus
455 3322 574 3380 navibus
593 3325 632 3380 ad
650 3323 717 3380 illas
731 3326 769 3381 ire
785 3341 898 3382 conatus
913 3324 976 3387 sim.

385 3421 448 3471 res,
466 3403 492 3459 si
511 3422 530 3458 a
548 3402 669 3459 Rhodiis
686 3423 740 3465 non
762 3401 835 3480 tffem
858 3400 980 3481 interpell

378 3475 492 3559 j'ortaffe
512 3499 569 3540 tota
581 3479 694 3558 sublata
711 3479 792 3558 effer,
811 3500 900 3541 tamen
918 3503 980 3563 mag

381 3580 462 3638 parte
478 3562 626 3640 profligata
642 3562 694 3640 est,·
717 3565 826 3639 quando
846 3563 980 3640 quideme

385 3639 524 3718 dissipata
546 3644 579 3720 est
590 3663 603 3712 ;
624 3643 758 3700 adventtls
780 3643 858 3721 noflti
878 3644 972 3702 timore

386 3734 426 3778 tes
445 3720 574 3802 ducesque
590 3719 737 3802 effligerunt
746 3742 760 3794 ,·
777 3723 905 3784 oneraria
923 3743 980 3785 omn
