<?xml version="1.0" encoding="UTF-8"?>
<!DOCTYPE html PUBLIC "-//W3C//DTD XHTML 1.0 Transitional//EN"
    "http://www.w3.org/TR/xhtml1/DTD/xhtml1-transitional.dtd">
<html xmlns="http://www.w3.org/1999/xhtml" xml:lang="en" lang="en">
 <head>
  <title>
</title>
<meta http-equiv="Content-Type" content="text/html;charset=utf-8" />
  <meta name='ocr-system' content='tesseract 3.04.00' />
  <meta name='ocr-capabilities' content='ocr_page ocr_carea ocr_par ocr_line ocrx_word'/>
</head>
<body>
  <div class='ocr_page' id='page_1' title='image "./mtulliiciceroni09lallgoog/mtulliiciceroni09lallgoog_0168.png"; bbox 0 0 2409 5492; ppageno 0'>
   <div class='ocr_carea' id='block_1_1' title="bbox 257 1238 857 1319">
    <p class='ocr_par' dir='ltr' id='par_1_1' title="bbox 257 1238 857 1319">
     <span class='ocr_line' id='line_1_1' title="bbox 257 1238 857 1319; baseline -0.015 -1"><span class='ocrx_word' id='word_1_1' title='bbox 257 1238 333 1319; x_wconf 72' lang='lat' dir='ltr'>ufta</span> <span class='ocrx_word' id='word_1_2' title='bbox 374 1264 378 1271; x_wconf 93' lang='grc'><strong><em>·</em></strong></span> <span class='ocrx_word' id='word_1_3' title='bbox 408 1239 813 1311; x_wconf 67' lang='lat' dir='ltr'>Ennoea-nura·</span> <span class='ocrx_word' id='word_1_4' title='bbox 854 1264 857 1269; x_wconf 95' lang='lat'>·</span> 
     </span>
    </p>
   </div>
   <div class='ocr_carea' id='block_1_2' title="bbox 256 1340 891 1913">
    <p class='ocr_par' dir='ltr' id='par_1_2' title="bbox 256 1340 891 1913">
     <span class='ocr_line' id='line_1_2' title="bbox 257 1340 891 1425; baseline -0.008 -7"><span class='ocrx_word' id='word_1_5' title='bbox 257 1340 330 1418; x_wconf 73' lang='lat' dir='ltr'>&#39;lime</span> <span class='ocrx_word' id='word_1_6' title='bbox 349 1356 458 1416; x_wconf 86' lang='lat' dir='ltr'><strong>bonam</strong></span> <span class='ocrx_word' id='word_1_7' title='bbox 476 1354 714 1425; x_wconf 61' lang='lat' dir='ltr'>benevolentiam</span> <span class='ocrx_word' id='word_1_8' title='bbox 728 1352 891 1415; x_wconf 85' lang='lat' dir='ltr'>-hominuru</span> 
     </span>
     <span class='ocr_line' id='line_1_3' title="bbox 256 1432 891 1516; baseline -0.006 -19"><span class='ocrx_word' id='word_1_9' title='bbox 256 1434 350 1497; x_wconf 73' lang='lat' dir='ltr'>¹iidem</span> <span class='ocrx_word' id='word_1_10' title='bbox 365 1434 524 1516; x_wconf 82' lang='lat' dir='ltr'>perspicere</span> <span class='ocrx_word' id='word_1_11' title='bbox 541 1436 634 1515; x_wconf 90' lang='lat' dir='ltr'>potui.</span> <span class='ocrx_word' id='word_1_12' title='bbox 649 1432 724 1493; x_wconf 85' lang='lat' dir='ltr'>Eum</span> <span class='ocrx_word' id='word_1_13' title='bbox 739 1433 795 1493; x_wconf 88' lang='lat' dir='ltr'>tibi</span> <span class='ocrx_word' id='word_1_14' title='bbox 808 1434 851 1493; x_wconf 74' lang='lat' dir='ltr'>tea</span> <span class='ocrx_word' id='word_1_15' title='bbox 864 1454 891 1493; x_wconf 84' lang='lat' dir='ltr'>cr</span> 
     </span>
     <span class='ocr_line' id='line_1_4' title="bbox 257 1512 891 1595; baseline -0.002 -20"><span class='ocrx_word' id='word_1_16' title='bbox 257 1516 395 1589; x_wconf 88' lang='lat' dir='ltr'>mendo,</span> <span class='ocrx_word' id='word_1_17' title='bbox 422 1532 453 1573; x_wconf 93' lang='lat' dir='ltr'>ut</span> <span class='ocrx_word' id='word_1_18' title='bbox 478 1515 611 1575; x_wconf 90' lang='lat' dir='ltr'>homines</span> <span class='ocrx_word' id='word_1_19' title='bbox 638 1514 711 1595; x_wconf 83' lang='lat' dir='ltr'>grati</span> <span class='ocrx_word' id='word_1_20' title='bbox 736 1512 770 1571; x_wconf 91' lang='lat'>&amp;</span> <span class='ocrx_word' id='word_1_21' title='bbox 798 1533 891 1574; x_wconf 81' lang='lat' dir='ltr'>meme</span> 
     </span>
     <span class='ocr_line' id='line_1_5' title="bbox 260 1591 891 1667; baseline -0.006 -10"><span class='ocrx_word' id='word_1_22' title='bbox 260 1596 338 1667; x_wconf 77' lang='lat' dir='ltr'>bene</span> <span class='ocrx_word' id='word_1_23' title='bbox 361 1596 479 1657; x_wconf 78' lang='lat' dir='ltr'>meritos</span> <span class='ocrx_word' id='word_1_24' title='bbox 499 1593 535 1654; x_wconf 87' lang='lat' dir='ltr'>de</span> <span class='ocrx_word' id='word_1_25' title='bbox 555 1594 583 1654; x_wconf 81' lang='lat' dir='ltr'>se</span> <span class='ocrx_word' id='word_1_26' title='bbox 601 1591 808 1653; x_wconf 82' lang='lat' dir='ltr'>commendare</span> <span class='ocrx_word' id='word_1_27' title='bbox 825 1592 891 1653; x_wconf 72' lang='lat' dir='ltr'>dela</span> 
     </span>
     <span class='ocr_line' id='line_1_6' title="bbox 261 1668 891 1757; baseline -0.002 -21"><span class='ocrx_word' id='word_1_28' title='bbox 261 1672 431 1757; x_wconf 82' lang='lat' dir='ltr'>Pergratum</span> <span class='ocrx_word' id='word_1_29' title='bbox 451 1674 522 1743; x_wconf 85' lang='lat' dir='ltr'>mihi</span> <span class='ocrx_word' id='word_1_30' title='bbox 540 1673 665 1746; x_wconf 84' lang='lat' dir='ltr'>feceris,</span> <span class='ocrx_word' id='word_1_31' title='bbox 683 1674 708 1731; x_wconf 87' lang='lat' dir='ltr'>si</span> <span class='ocrx_word' id='word_1_32' title='bbox 726 1671 778 1731; x_wconf 87' lang='lat' dir='ltr'>ille</span> <span class='ocrx_word' id='word_1_33' title='bbox 794 1668 891 1743; x_wconf 73' lang='lat' dir='ltr'>intelle</span> 
     </span>
     <span class='ocr_line' id='line_1_7' title="bbox 259 1752 891 1834; baseline -0.009 -19"><span class='ocrx_word' id='word_1_34' title='bbox 259 1757 319 1827; x_wconf 79' lang='lat' dir='ltr'>ait,</span> <span class='ocrx_word' id='word_1_35' title='bbox 335 1754 386 1826; x_wconf 90' lang='lat' dir='ltr'>se,</span> <span class='ocrx_word' id='word_1_36' title='bbox 406 1753 485 1834; x_wconf 67' lang='lat' dir='ltr'>quad</span> <span class='ocrx_word' id='word_1_37' title='bbox 504 1774 557 1833; x_wconf 88' lang='lat' dir='ltr'>pro</span> <span class='ocrx_word' id='word_1_38' title='bbox 576 1752 662 1812; x_wconf 90' lang='lat' dir='ltr'>salute</span> <span class='ocrx_word' id='word_1_39' title='bbox 679 1769 747 1810; x_wconf 89' lang='lat' dir='ltr'>mea</span> <span class='ocrx_word' id='word_1_40' title='bbox 762 1752 891 1833; x_wconf 70' lang='lat' dir='ltr'>multap</span> 
     </span>
     <span class='ocr_line' id='line_1_8' title="bbox 265 1829 891 1913; baseline -0.003 -18"><span class='ocrx_word' id='word_1_41' title='bbox 265 1835 331 1895; x_wconf 84' lang='lat' dir='ltr'>cula</span> <span class='ocrx_word' id='word_1_42' title='bbox 348 1833 471 1907; x_wconf 81' lang='lat' dir='ltr'>adierit,</span> <span class='ocrx_word' id='word_1_43' title='bbox 488 1832 561 1913; x_wconf 80' lang='lat' dir='ltr'>saepe</span> <span class='ocrx_word' id='word_1_44' title='bbox 579 1833 676 1893; x_wconf 90' lang='lat' dir='ltr'>hi&#39;eme</span> <span class='ocrx_word' id='word_1_45' title='bbox 691 1829 806 1891; x_wconf 68' lang='lat' dir='ltr'>summa</span> <span class='ocrx_word' id='word_1_46' title='bbox 821 1834 891 1893; x_wconf 82' lang='lat' dir='ltr'>navi</span> 
     </span>
    </p>
   </div>
   <div class='ocr_carea' id='block_1_3' title="bbox 264 1909 891 2059">
    <p class='ocr_par' dir='ltr' id='par_1_3' title="bbox 264 1909 891 2059">
     <span class='ocr_line' id='line_1_9' title="bbox 264 1909 891 2055; baseline -0.04 -68"><span class='ocrx_word' id='word_1_47' title='bbox 264 1918 320 1988; x_wconf 87' lang='lat' dir='ltr'>rit,</span> <span class='ocrx_word' id='word_1_48' title='bbox 338 1935 394 2008; x_wconf 62' lang='lat' dir='ltr'>pm.</span> <span class='ocrx_word' id='word_1_49' title='bbox 406 1930 456 2008; x_wconf 73' lang='lat' dir='ltr'>tua</span> <span class='ocrx_word' id='word_1_50' title='bbox 470 1932 540 2055; x_wconf 44' lang='lat' dir='ltr'>effla</span> <span class='ocrx_word' id='word_1_51' title='bbox 554 1933 601 1974; x_wconf 90' lang='lat' dir='ltr'>me</span> <span class='ocrx_word' id='word_1_52' title='bbox 615 1909 825 1975; x_wconf 78' lang='lat' dir='ltr'>benevolentia</span> <span class='ocrx_word' id='word_1_53' title='bbox 837 1932 891 1993; x_wconf 65' lang='lat' dir='ltr'>gn</span> 
     </span>
     <span class='ocr_line' id='line_1_10' title="bbox 265 1991 657 2059; baseline -0.026 0"><span class='ocrx_word' id='word_1_54' title='bbox 265 1997 355 2059; x_wconf 83' lang='lat' dir='ltr'>etiam</span> <span class='ocrx_word' id='word_1_55' title='bbox 375 1994 428 2055; x_wconf 85' lang='lat' dir='ltr'>trbr</span> <span class='ocrx_word' id='word_1_56' title='bbox 444 1991 501 2053; x_wconf 80' lang='lat' dir='ltr'>secr</span> <span class='ocrx_word' id='word_1_57' title='bbox 523 2013 550 2055; x_wconf 89' lang='lat' dir='ltr'>e.</span> <span class='ocrx_word' id='word_1_58' title='bbox 568 1992 657 2053; x_wconf 72' lang='lat' dir='ltr'>Vale.</span> 
     </span>
    </p>
   </div>
   <div class='ocr_carea' id='block_1_4' title="bbox 274 2118 876 2196">
    <p class='ocr_par' dir='ltr' id='par_1_4' title="bbox 274 2118 876 2196">
     <span class='ocr_line' id='line_1_11' title="bbox 274 2118 876 2196; baseline 0 -14"><span class='ocrx_word' id='word_1_59' title='bbox 274 2120 333 2182; x_wconf 78' lang='lat' dir='ltr'>M.</span> <span class='ocrx_word' id='word_1_60' title='bbox 354 2119 394 2181; x_wconf 92' lang='grc' dir='ltr'>Τ.</span> <span class='ocrx_word' id='word_1_61' title='bbox 419 2119 464 2183; x_wconf 78' lang='lat' dir='ltr'>C.·</span> <span class='ocrx_word' id='word_1_62' title='bbox 480 2120 514 2183; x_wconf 87' lang='lat' dir='ltr'>P.</span> <span class='ocrx_word' id='word_1_63' title='bbox 543 2120 667 2196; x_wconf 77' lang='lat' dir='ltr'>Suro,</span> <span class='ocrx_word' id='word_1_64' title='bbox 685 2119 812 2193; x_wconf 68' lang='lat' dir='ltr'>Puera.</span> <span class='ocrx_word' id='word_1_65' title='bbox 834 2118 876 2191; x_wconf 73' lang='grc'>,8,</span> 
     </span>
    </p>
   </div>
   <div class='ocr_carea' id='block_1_5' title="bbox 268 2253 891 2465">
    <p class='ocr_par' dir='ltr' id='par_1_5' title="bbox 268 2253 891 2465">
     <span class='ocr_line' id='line_1_12' title="bbox 268 2253 891 2322; baseline -0.008 -14"><span class='ocrx_word' id='word_1_66' title='bbox 268 2253 463 2309; x_wconf 49' lang='lat' dir='ltr'>*counimur</span> <span class='ocrx_word' id='word_1_67' title='bbox 487 2253 597 2304; x_wconf 67' lang='lat' dir='ltr'>Parim</span> <span class='ocrx_word' id='word_1_68' title='bbox 621 2253 741 2320; x_wconf 75' lang='lat' dir='ltr'>Bithynia</span> <span class='ocrx_word' id='word_1_69' title='bbox 760 2268 891 2322; x_wconf 66' lang='lat' dir='ltr'>propriam</span> 
     </span>
     <span class='ocr_line' id='line_1_13' title="bbox 305 2323 891 2395; baseline 0.003 -18"><span class='ocrx_word' id='word_1_70' title='bbox 305 2327 421 2394; x_wconf 74' lang='lat' dir='ltr'>exigenda</span> <span class='ocrx_word' id='word_1_71' title='bbox 445 2327 544 2393; x_wconf 77' lang='lat' dir='ltr'>pecunia</span> <span class='ocrx_word' id='word_1_72' title='bbox 560 2361 569 2382; x_wconf 91' lang='lat'><em>,</em></span> <span class='ocrx_word' id='word_1_73' title='bbox 587 2344 655 2393; x_wconf 82' lang='lat' dir='ltr'>quarn</span> <span class='ocrx_word' id='word_1_74' title='bbox 677 2326 701 2378; x_wconf 74' lang='lat' dir='ltr'>ei</span> <span class='ocrx_word' id='word_1_75' title='bbox 725 2323 862 2395; x_wconf 68' lang='lat' dir='ltr'>Noemsn</span> <span class='ocrx_word' id='word_1_76' title='bbox 882 2342 891 2389; x_wconf 66' lang='grc' dir='ltr'><em>ς</em></span> 
     </span>
     <span class='ocr_line' id='line_1_14' title="bbox 274 2399 650 2465; baseline 0.013 -17"><span class='ocrx_word' id='word_1_77' title='bbox 274 2434 276 2439; x_wconf 88' lang='grc'>-</span> <span class='ocrx_word' id='word_1_78' title='bbox 306 2399 373 2450; x_wconf 81' lang='lat' dir='ltr'>bant.</span> <span class='ocrx_word' id='word_1_79' title='bbox 394 2399 467 2450; x_wconf 80' lang='lat' dir='ltr'>Auno</span> <span class='ocrx_word' id='word_1_80' title='bbox 490 2399 522 2451; x_wconf 84' lang='lat' dir='ltr'>U.</span> <span class='ocrx_word' id='word_1_81' title='bbox 543 2402 570 2454; x_wconf 79' lang='lat' dir='ltr'>C·</span> <span class='ocrx_word' id='word_1_82' title='bbox 592 2416 650 2465; x_wconf 83' lang='lat'><em>7⁰²·</em></span> 
     </span>
    </p>
   </div>
   <div class='ocr_carea' id='block_1_6' title="bbox 269 2480 891 2611">
    <p class='ocr_par' dir='ltr' id='par_1_6' title="bbox 269 2480 891 2611">
     <span class='ocr_line' id='line_1_15' title="bbox 269 2480 891 2611; baseline 0 0"><span class='ocrx_word' id='word_1_83' title='bbox 269 2547 322 2611; x_wconf 71' lang='lat'>61.</span> <span class='ocrx_word' id='word_1_84' title='bbox 334 2480 460 2610; x_wconf 66' lang='lat' dir='ltr'>Two</span> <span class='ocrx_word' id='word_1_85' title='bbox 472 2547 574 2611; x_wconf 85' lang='lat' dir='ltr'>Pinnio</span> <span class='ocrx_word' id='word_1_86' title='bbox 587 2547 807 2609; x_wconf 62' lang='lat' dir='ltr'>familiarissime</span> <span class='ocrx_word' id='word_1_87' title='bbox 815 2566 891 2611; x_wconf 82' lang='lat' dir='ltr'>meu</span> 
     </span>
    </p>
   </div>
   <div class='ocr_carea' id='block_1_7' title="bbox 273 2627 891 3741">
    <p class='ocr_par' dir='ltr' id='par_1_7' title="bbox 273 2627 891 3741">
     <span class='ocr_line' id='line_1_16' title="bbox 273 2627 891 2710; baseline 0 -21"><span class='ocrx_word' id='word_1_88' title='bbox 273 2627 330 2703; x_wconf 79' lang='lat' dir='ltr'>elle</span> <span class='ocrx_word' id='word_1_89' title='bbox 344 2672 355 2703; x_wconf 88' lang='lat'>,</span> <span class='ocrx_word' id='word_1_90' title='bbox 371 2628 440 2690; x_wconf 87' lang='lat' dir='ltr'>scire</span> <span class='ocrx_word' id='word_1_91' title='bbox 463 2646 493 2690; x_wconf 91' lang='lat' dir='ltr'>te</span> <span class='ocrx_word' id='word_1_92' title='bbox 512 2630 654 2703; x_wconf 56' lang='lat' dir='ltr'>arbitron</span> <span class='ocrx_word' id='word_1_93' title='bbox 674 2630 755 2709; x_wconf 90' lang='lat' dir='ltr'>quod</span> <span class='ocrx_word' id='word_1_94' title='bbox 773 2629 891 2710; x_wconf 80' lang='lat' dir='ltr'>quidem</span> 
     </span>
     <span class='ocr_line' id='line_1_17' title="bbox 273 2708 891 2790; baseline -0.002 -20"><span class='ocrx_word' id='word_1_95' title='bbox 273 2708 444 2770; x_wconf 84' lang='lat' dir='ltr'>testamento</span> <span class='ocrx_word' id='word_1_96' title='bbox 461 2710 635 2783; x_wconf 85' lang='lat' dir='ltr'>declaravit,</span> <span class='ocrx_word' id='word_1_97' title='bbox 651 2713 701 2789; x_wconf 91' lang='lat' dir='ltr'>qui</span> <span class='ocrx_word' id='word_1_98' title='bbox 712 2729 761 2770; x_wconf 91' lang='lat' dir='ltr'>me</span> <span class='ocrx_word' id='word_1_99' title='bbox 773 2729 865 2790; x_wconf 86' lang='lat' dir='ltr'>quum</span> <span class='ocrx_word' id='word_1_100' title='bbox 877 2724 891 2769; x_wconf 90' lang='lat' dir='ltr'>t</span> 
     </span>
     <span class='ocr_line' id='line_1_18' title="bbox 275 2789 891 2857; baseline -0.002 -9"><span class='ocrx_word' id='word_1_101' title='bbox 275 2807 353 2857; x_wconf 79' lang='lat' dir='ltr'>rem,</span> <span class='ocrx_word' id='word_1_102' title='bbox 372 2809 434 2857; x_wconf 86' lang='lat' dir='ltr'>¹tum</span> <span class='ocrx_word' id='word_1_103' title='bbox 449 2793 538 2849; x_wconf 86' lang='lat' dir='ltr'>etiarn</span> <span class='ocrx_word' id='word_1_104' title='bbox 553 2790 709 2849; x_wconf 84' lang='lat' dir='ltr'>secundum</span> <span class='ocrx_word' id='word_1_105' title='bbox 724 2789 866 2855; x_wconf 87' lang='lat' dir='ltr'>heredem</span> <span class='ocrx_word' id='word_1_106' title='bbox 880 2790 891 2847; x_wconf 92' lang='lat' dir='ltr'>i</span> 
     </span>
     <span class='ocr_line' id='line_1_19' title="bbox 274 2867 875 2945; baseline 0.007 -19"><span class='ocrx_word' id='word_1_107' title='bbox 274 2871 371 2927; x_wconf 83' lang='lat' dir='ltr'>tuerit.</span> <span class='ocrx_word' id='word_1_108' title='bbox 390 2867 458 2945; x_wconf 68' lang='lat' dir='ltr'>Ejus</span> <span class='ocrx_word' id='word_1_109' title='bbox 481 2867 541 2928; x_wconf 83' lang='lat' dir='ltr'>filio</span> <span class='ocrx_word' id='word_1_110' title='bbox 566 2870 638 2929; x_wconf 63' lang='lat' dir='ltr'>mir‘e</span> <span class='ocrx_word' id='word_1_111' title='bbox 663 2867 818 2942; x_wconf 86' lang='lat' dir='ltr'>studioso,</span> <span class='ocrx_word' id='word_1_112' title='bbox 840 2868 875 2930; x_wconf 71' lang='grc' dir='ltr'>ὃ(</span> 
     </span>
     <span class='ocr_line' id='line_1_20' title="bbox 276 2947 891 3029; baseline 0.008 -25"><span class='ocrx_word' id='word_1_113' title='bbox 276 2948 340 3012; x_wconf 83' lang='lat' dir='ltr'>dito</span> <span class='ocrx_word' id='word_1_114' title='bbox 358 2991 368 3019; x_wconf 91' lang='lat'><strong>,</strong></span> <span class='ocrx_word' id='word_1_115' title='bbox 396 2949 428 3005; x_wconf 76' lang='grc' dir='ltr'>δ(</span> <span class='ocrx_word' id='word_1_116' title='bbox 446 2947 600 3022; x_wconf 88' lang='lat' dir='ltr'>modesto,</span> <span class='ocrx_word' id='word_1_117' title='bbox 617 2952 777 3029; x_wconf 84' lang='lat' dir='ltr'>&#39;pecuniam</span> <span class='ocrx_word' id='word_1_118' title='bbox 794 2948 891 3009; x_wconf 82' lang='lat' dir='ltr'>Nicaee</span> 
     </span>
     <span class='ocr_line' id='line_1_21' title="bbox 277 3025 883 3110; baseline 0.01 -27"><span class='ocrx_word' id='word_1_119' title='bbox 277 3025 418 3106; x_wconf 85' lang='lat' dir='ltr'>grandem</span> <span class='ocrx_word' id='word_1_120' title='bbox 439 3026 567 3101; x_wconf 88' lang='lat' dir='ltr'>debent,</span> <span class='ocrx_word' id='word_1_121' title='bbox 589 3029 626 3087; x_wconf 91' lang='lat' dir='ltr'>ad</span> <span class='ocrx_word' id='word_1_122' title='bbox 645 3028 705 3088; x_wconf 89' lang='lat' dir='ltr'>HS</span> <span class='ocrx_word' id='word_1_123' title='bbox 727 3028 883 3110; x_wconf 66' lang='lat' dir='ltr'>otlogie53</span> 
     </span>
     <span class='ocr_line' id='line_1_22' title="bbox 277 3105 883 3187; baseline 0.008 -23"><span class='ocrx_word' id='word_1_124' title='bbox 277 3120 311 3165; x_wconf 88' lang='lat' dir='ltr'>ut</span> <span class='ocrx_word' id='word_1_125' title='bbox 323 3105 429 3178; x_wconf 86' lang='lat' dir='ltr'>audio,</span> <span class='ocrx_word' id='word_1_126' title='bbox 443 3108 474 3165; x_wconf 91' lang='lat' dir='ltr'>in</span> <span class='ocrx_word' id='word_1_127' title='bbox 488 3111 585 3187; x_wconf 90' lang='lat' dir='ltr'>primis</span> <span class='ocrx_word' id='word_1_128' title='bbox 600 3109 705 3169; x_wconf 86' lang='lat' dir='ltr'>volunt</span> <span class='ocrx_word' id='word_1_129' title='bbox 717 3111 746 3170; x_wconf 89' lang='lat' dir='ltr'>ei</span> <span class='ocrx_word' id='word_1_130' title='bbox 758 3107 883 3169; x_wconf 84' lang='lat' dir='ltr'>solvere.</span> 
     </span>
     <span class='ocr_line' id='line_1_23' title="bbox 279 3187 877 3268; baseline 0.012 -24"><span class='ocrx_word' id='word_1_131' title='bbox 279 3203 393 3268; x_wconf 83' lang='lat' dir='ltr'>gratum</span> <span class='ocrx_word' id='word_1_132' title='bbox 417 3189 502 3266; x_wconf 82' lang='lat' dir='ltr'>igitur</span> <span class='ocrx_word' id='word_1_133' title='bbox 525 3188 596 3253; x_wconf 83' lang='lat' dir='ltr'>milri</span> <span class='ocrx_word' id='word_1_134' title='bbox 616 3187 740 3263; x_wconf 79' lang='lat' dir='ltr'>feceris,</span> <span class='ocrx_word' id='word_1_135' title='bbox 759 3188 877 3268; x_wconf 73' lang='lat' dir='ltr'>quando</span> 
     </span>
     <span class='ocr_line' id='line_1_24' title="bbox 279 3266 891 3348; baseline -0.003 -19"><span class='ocrx_word' id='word_1_136' title='bbox 279 3266 371 3338; x_wconf 79' lang='lat' dir='ltr'>modi&gt;</span> <span class='ocrx_word' id='word_1_137' title='bbox 395 3268 496 3348; x_wconf 86' lang='lat' dir='ltr'>reliqui</span> <span class='ocrx_word' id='word_1_138' title='bbox 520 3285 657 3342; x_wconf 85' lang='lat' dir='ltr'>tutores,</span> <span class='ocrx_word' id='word_1_139' title='bbox 677 3271 726 3348; x_wconf 90' lang='lat' dir='ltr'>qui</span> <span class='ocrx_word' id='word_1_140' title='bbox 747 3267 839 3328; x_wconf 88' lang='lat' dir='ltr'>sciunt</span> <span class='ocrx_word' id='word_1_141' title='bbox 859 3286 891 3347; x_wconf 76' lang='lat' dir='ltr'>,qr</span> 
     </span>
     <span class='ocr_line' id='line_1_25' title="bbox 279 3345 891 3427; baseline 0.002 -20"><span class='ocrx_word' id='word_1_142' title='bbox 279 3366 329 3407; x_wconf 88' lang='lat' dir='ltr'>me</span> <span class='ocrx_word' id='word_1_143' title='bbox 348 3345 434 3405; x_wconf 84' lang='lat' dir='ltr'>facias</span> <span class='ocrx_word' id='word_1_144' title='bbox 454 3390 464 3420; x_wconf 90' lang='lat'>,</span> <span class='ocrx_word' id='word_1_145' title='bbox 484 3346 533 3409; x_wconf 89' lang='lat' dir='ltr'>sed</span> <span class='ocrx_word' id='word_1_146' title='bbox 548 3350 635 3407; x_wconf 82' lang='lat' dir='ltr'>etiarn</span> <span class='ocrx_word' id='word_1_147' title='bbox 651 3369 723 3427; x_wconf 90' lang='lat' dir='ltr'>puer</span> <span class='ocrx_word' id='word_1_148' title='bbox 738 3347 799 3426; x_wconf 85' lang='lat' dir='ltr'>ipse</span> <span class='ocrx_word' id='word_1_149' title='bbox 818 3347 891 3427; x_wconf 77' lang='lat' dir='ltr'>sihi;</span> 
     </span>
     <span class='ocr_line' id='line_1_26' title="bbox 281 3425 891 3498; baseline 0 -14"><span class='ocrx_word' id='word_1_150' title='bbox 281 3425 384 3498; x_wconf 80' lang='lat' dir='ltr'>suasit,</span> <span class='ocrx_word' id='word_1_151' title='bbox 398 3443 425 3487; x_wconf 91' lang='lat' dir='ltr'>te</span> <span class='ocrx_word' id='word_1_152' title='bbox 443 3430 540 3485; x_wconf 85' lang='lat' dir='ltr'>omnia</span> <span class='ocrx_word' id='word_1_153' title='bbox 553 3428 620 3497; x_wconf 70' lang='lat' dir='ltr'>mea</span> <span class='ocrx_word' id='word_1_154' title='bbox 634 3428 719 3487; x_wconf 78' lang='lat' dir='ltr'>causa</span> <span class='ocrx_word' id='word_1_155' title='bbox 731 3425 891 3489; x_wconf 69' lang='lat' dir='ltr'>faiiurumr</span> 
     </span>
     <span class='ocr_line' id='line_1_27' title="bbox 280 3503 891 3587; baseline 0.005 -21"><span class='ocrx_word' id='word_1_156' title='bbox 280 3508 306 3566; x_wconf 78' lang='lat' dir='ltr'>ei</span> <span class='ocrx_word' id='word_1_157' title='bbox 316 3503 434 3579; x_wconf 62' lang='lat' dir='ltr'>vdederis</span> <span class='ocrx_word' id='word_1_158' title='bbox 448 3526 589 3585; x_wconf 80' lang='lat' dir='ltr'>operam,</span> <span class='ocrx_word' id='word_1_159' title='bbox 605 3507 701 3587; x_wconf 83' lang='lat' dir='ltr'>quoad</span> <span class='ocrx_word' id='word_1_160' title='bbox 718 3522 768 3566; x_wconf 83' lang='lat' dir='ltr'>tua</span> <span class='ocrx_word' id='word_1_161' title='bbox 781 3504 856 3571; x_wconf 76' lang='lat' dir='ltr'>fides</span> <span class='ocrx_word' id='word_1_162' title='bbox 871 3506 891 3569; x_wconf 86' lang='lat' dir='ltr'>d</span> 
     </span>
     <span class='ocr_line' id='line_1_28' title="bbox 280 3581 891 3671; baseline 0.005 -24"><span class='ocrx_word' id='word_1_163' title='bbox 280 3581 379 3664; x_wconf 74' lang='lat' dir='ltr'>¹resque</span> <span class='ocrx_word' id='word_1_164' title='bbox 395 3586 534 3664; x_wconf 86' lang='lat' dir='ltr'>patietur,</span> <span class='ocrx_word' id='word_1_165' title='bbox 549 3603 581 3646; x_wconf 90' lang='lat' dir='ltr'>ut</span> <span class='ocrx_word' id='word_1_166' title='bbox 595 3585 681 3667; x_wconf 77' lang='lat' dir='ltr'>quim</span> <span class='ocrx_word' id='word_1_167' title='bbox 699 3585 859 3666; x_wconf 72' lang='lat' dir='ltr'>plurimum</span> <span class='ocrx_word' id='word_1_168' title='bbox 874 3608 891 3671; x_wconf 67' lang='lat' dir='ltr'>F</span> 
     </span>
     <span class='ocr_line' id='line_1_29' title="bbox 280 3662 891 3741; baseline 0 -10"><span class='ocrx_word' id='word_1_169' title='bbox 280 3666 339 3731; x_wconf 76' lang='lat' dir='ltr'>niae</span> <span class='ocrx_word' id='word_1_170' title='bbox 357 3662 458 3729; x_wconf 84' lang='lat' dir='ltr'>Pinnio</span> <span class='ocrx_word' id='word_1_171' title='bbox 478 3664 602 3740; x_wconf 73' lang='lat' dir='ltr'>soluatur</span> <span class='ocrx_word' id='word_1_172' title='bbox 621 3664 819 3733; x_wconf 82' lang='lat' dir='ltr'>Nicaeensium</span> <span class='ocrx_word' id='word_1_173' title='bbox 834 3688 891 3741; x_wconf 76' lang='lat' dir='ltr'>noa</span> 
     </span>
    </p>
   </div>
   <div class='ocr_carea' id='block_1_8' title="bbox 280 3737 891 3905">
    <p class='ocr_par' dir='ltr' id='par_1_8' title="bbox 280 3737 891 3905">
     <span class='ocr_line' id='line_1_30' title="bbox 280 3737 371 3821; baseline -0.022 0"><span class='ocrx_word' id='word_1_174' title='bbox 280 3737 371 3821; x_wconf 64' lang='lat' dir='ltr'>lar·</span> 
     </span>
     <span class='ocr_line' id='line_1_31' title="bbox 860 3829 891 3905; baseline 0 0"><span class='ocrx_word' id='word_1_175' title='bbox 860 3829 891 3905; x_wconf 84' lang='grc' dir='ltr'><strong><em>Μ</em></strong></span> 
     </span>
    </p>
   </div>
   <div class='ocr_carea' id='block_1_9' title="bbox 0 0 1223 5492">
    <p class='ocr_par' dir='ltr' id='par_1_9' title="bbox 0 0 1223 5492">
     <span class='ocr_line' id='line_1_32' title="bbox 0 0 1223 5492; baseline 0 0"><span class='ocrx_word' id='word_1_176' title='bbox 0 0 1223 5492; x_wconf 95' lang='lat' dir='ltr'> </span> 
     </span>
    </p>
   </div>
  </div>
 </body>
</html>
