2409 5492
320 1319 372 1391 '18
471 1319 848 1388 Errsronrrvrr

320 1433 381 1507 las,
395 1454 483 1493 unam
496 1434 638 1508 brevem,
654 1452 740 1512 quam
756 1431 861 1494 Flacco
879 1431 1006 1494 Volum-

321 1517 372 1574 nio
402 1515 553 1588 dederas,
579 1512 650 1573 duas
702 1513 850 1587 leniores;
882 1534 1003 1594 quarum

321 1594 441 1654 alteram
455 1595 619 1656 tabellarius
633 1592 673 1653 T.
721 1592 771 1653 ibii
789 1593 905 1667 attulit,
930 1595 1007 1655 alte-

322 1695 384 1734 ram
399 1674 437 1733 ad
457 1694 504 1736 me
523 1676 601 1735 misit
616 1673 723 1754 Lupus.
742 1673 787 1734 Ex
806 1677 863 1736 tuis
881 1673 1004 1746 litteris,

321 1754 354 1815 dt
372 1775 409 1816 ex
430 1752 556 1815 Graeceii
571 1758 726 1829 oratione,
747 1776 808 1816 non
831 1753 924 1813 modo
944 1774 1007 1814 non

322 1833 483 1895 restinklum
502 1836 638 1908 bellum,
664 1833 714 1894 sed
735 1839 821 1895 etiam
841 1835 1007 1895 inflamma-

308 1930 388 1976 ·tum
405 1917 531 1978 videtur.
557 1914 628 1975 Non
646 1914 747 1975 dubito
769 1934 864 1976 autem
882 1935 937 1993 pro
957 1932 1009 1975 tua

323 1997 458 2078 singulari
484 1996 658 2076 prudentia,
687 1999 756 2075 quin
781 1994 957 2077 perspicias,
982 1996 1008 2055 si

323 2076 431 2155 aliquid
460 2073 600 2136 {innitaris
628 2074 726 2135 nasius
755 2078 791 2137 sit
824 2074 970 2134 Antonius
994 2115 1007 2148 ‚

324 2158 423 2215 omnia
440 2172 489 2215 tua
509 2157 558 2215 illa
579 2155 715 2234 praeclara
742 2156 771 2215 in
798 2154 1008 2235 rempublicam

290 2233 295 2239 ’
325 2238 457 2308 merita,
482 2235 519 2294 ad
550 2236 670 2295 nihilum
704 2233 761 2296 esse
795 2254 928 2297 ventura.
963 2232 1010 2296 lta

326 2317 405 2375 enim
422 2313 550 2375 Romam
565 2334 627 2377 erat
644 2320 824 2388 nuntiarum,
840 2318 879 2376 ita
893 2312 1011 2396 persua·

328 2393 389 2455 sum
406 2397 563 2471 omnibus,
582 2418 648 2457 cum
668 2400 765 2477 paucis
784 2397 923 2467 inermis,
940 2414 1011 2475 per·

325 2477 430 2537 territis
448 2494 545 2550 metu,
564 2475 653 2537 frasto
671 2480 769 2536 animo
790 2473 890 2558 fugisse
910 2474 1012 2535 Anto·

325 2556 417 2615 nium.
446 2554 511 2635 Qui
532 2559 555 2615 si
575 2558 616 2616 ita
638 2556 799 2630 sehabet,
821 2573 880 2630 ut,
903 2575 1017 2636 quem·.

326 2635 486 2697 admodum
504 2637 657 2698 audiebam
673 2636 709 2698 de
724 2636 876 2706 Graecei0‚
890 2636 1011 2719 confligi

325 2736 395 2776 cum
416 2737 453 2778 eo
474 2719 536 2778 sine
579 2718 688 2778 ericulo
714 2739 775 2778 non
804 2718 922 2798 possit,
948 2736 1014 2777 non

326 2796 376 2856 ille
397 2798 467 2856 mihi
487 2738 586 2879 ffigsspe
613 2820 630 2856 a
655 2797 772 2858 Mutina
791 2796 932 2869 videtur,
961 2795 1015 2859 sed
1051 2856 1053 2861 .

327 2874 426 2935 locum
448 2877 517 2935 belli
557 2876 658 2935 erendi
681 2874 810 2936 mutasse.
830 2875 932 2956 ltaque
950 2874 1014 2937 ho-

327 2956 421 3014 mines
442 2956 490 3015 alii
506 2896 571 3014 fadi
586 2954 660 3016 sunt.
680 2954 822 3017 Nonnulli
839 2959 926 3016 etiam
938 2976 1015 3037 que·

328 3051 445 3107 runtur,
462 3034 542 3117 qubd
557 3035 699 3114 persecuti
713 3059 774 3100 non
789 3039 865 3097 sitis·
884 3039 1018 3117 opprimi

327 3111 468 3194 potuisse,
492 3119 515 3175 si
535 3119 664 3177 celeritas
683 3119 810 3178 adhibita
827 3113 918 3192 esset,
938 3115 1015 3177 exis·

327 3197 439 3255 rimant.
464 3194 597 3257 Omnino
622 3195 663 3257 est
681 3198 740 3260 hoc
759 3197 889 3279 populi,
919 3199 1016 3256 maxi-

327 3276 433 3357 mdque
461 3274 570 3349 nostri,
599 3280 629 3337 in
656 3298 694 3339 eo
720 3280 904 3359 potissimum
932 3278 1013 3337 abuti

327 3354 481 3429 libertate,
507 3376 667 3438 perquem
690 3377 754 3418 eam
778 3355 946 3418 consecutus
966 3358 1014 3417 sit.

329 3434 388 3496 Sed
414 3453 511 3496 tamen
543 3438 757 3517 providendum
788 3436 857 3510 est,
883 3456 921 3496 ne
947 3456 1013 3574 ‹ppae

328 3513 399 3593 justa
422 3517 538 3598 querela
558 3515 614 3578 else
636 3521 740 3598 possit.
762 3519 823 3580 Res
843 3520 884 3577 sic
903 3514 931 3577 se
976 3538 1014 3576 a·

328 3597 399 3658 bet:
414 3599 439 3657 is
458 3597 567 3658 bellum
584 3598 764 3672 confecerit,
779 3601 829 3680 qui
848 3598 1011 3659 Antonium

329 3676 510 3772 oppresserit.
532 3676 600 3738 Hoc
623 3698 711 3759 quam
733 3682 795 3742 vim
814 3678 920 3738 habeat
942 3721 952 3750 ‚
982 3694 1015 3738 te

331 3755 490 3898 fflhmaoe
510 3758 610 3836 malo,
625 3760 714 3844 quim
734 3780 781 3823 ure
800 3760 925 3840 apertius
946 3756 1018 3821 scti-

387 3857 416 3901 e,
980 3878 985 3883 .
