2409 5492
278 1262 354 1339 300
419 1243 800 1311 Entsrvm'vnt
835 1250 881 1307 ·’.

276 1354 402 1448 jungitur
424 1376 445 1413 ι.
461 1377 536 1436 quos
555 1355 672 1436 quidem
692 1353 793 1415 ·libros
805 1376 881 1417 non
901 1355 959 1415 sine

277 1446 359 1497 caula
381 1433 475 1496 noster
503 1436 551 1496 ille
579 1434 734 1495 Africanus
761 1436 800 1497 de
832 1436 957 1495 manibus

254 1537 385 1598 *ponere
401 1538 461 1576 non
477 1515 601 1576 solebat:
614 1516 725 1574 nullum
741 1515 784 1575 est
801 1520 883 1576 enim
894 1538 959 1596 ptae·

275 1596 431 1658 termiffum
445 1602 473 1655 in
489 1599 521 1656 iis
539 1595 664 1656 officium
685 1596 838 1674 diligentis
856 1599 886 1657 δι
904 1617 959 1655 mo·

275 1678 369 1738 derati
390 1678 525 1757 imperii3
545 1696 658 1756 eaque,
683 1679 707 1735 si
725 1680 775 1736 sic·
785 1679 879 1737 coluit
895 1677 959 1748 ille,

278 1760 329 1839 qui
347 1757 472 1838 privatus
491 1757 600 1817 futurus
621 1776 785 1837 numquam
804 1758 882 1832 fuit,
897 1777 959 1836 quo·

278 1860 346 1899 nam
363 1839 455 1898 modo
470 1836 619 1898 retinenda
634 1836 695 1895 sunt
715 1839 770 1912 iis,
791 1840 896 1916 quibus
911 1840 958 1895 im·

280 1923 395 2000 perium
418 1922 456 1978 ita
476 1919 574 1979 datum
594 1914 658 1988 est,
679 1933 711 1976 ut
736 1919 913 1989 redderent,
931 1916 956 1975 dt

280 2001 318 2061 ab
336 2004 369 2060 iis
389 1999 498 2080 legibus
520 1999 617 2058 datum
634 1996 699 2069 est,
722 1998 760 2056 ad
781 2021 857 2079 quas
874 2016 957 2057 rever·

280 2083 400 2140 tendum
422 2077 491 2139 est?
521 2079 567 2138 Ac
590 2077 660 2135 mihi
682 2078 812 2157 'quidem
835 2080 956 2139 videntur

279 2161 335 2219 huc
351 2162 449 2219 omnia
466 2157 523 2217 effe
539 2157 689 2221 referenda
708 2160 763 2230 iis,
778 2162 832 2239 qui
849 2156 957 2239 praefitnt

278 2240 341 2298 aliis
360 2260 370 2310 ;
391 2254 422 2297 ut
442 2241 489 2310 ii,
514 2240 563 2317 qui
582 2252 794 2297 erunt'eorum
820 2242 851 2298 in
873 2243 956 2316 impe·

279 2321 344 2393 tio,
364 2321 419 2380 tint
438 2318 524 2399 quim
541 2320 722 2395 beatissimi:
742 2320 826 2398 quod
846 2321 897 2386 tibi
908 2314 956 2379 effe
1000 2388 1001 2401 χ

280 2398 315 2459 &
334 2402 577 2480 antiquissimum,
595 2398 626 2457 &
648 2398 684 2457 ab
703 2401 790 2458 initio
817 2398 916 2470 fititse,
931 2412 957 2455 ut

282 2482 407 2560 primum
437 2478 538 2541 Asiam
562 2475 675 2559 attigisti
686 2521 696 2551 ‚
707 2524 711 2539 ι
724 2479 877 2541 constante
894 2476 957 2539 sami

281 2577 372 2641 atque
396 2562 526 2621 omnium
552 2557 685 2620 sermone
712 2555 958 2621 cel'ebratumtstt

281 2638 331 2700 Est
349 2658 446 2701 autem
464 2661 524 2700 non
547 2638 637 2699 modo
654 2637 717 2715 ejus
731 2643 815 2719 ,qui
837 2637 955 2702 sociis&

283 2720 394 2782 civibus
408 2752 422 2794 ‚-
439 2721 488 2781 sed
509 2723 596 2781 etiam
618 2717 700 2796 ejus,
724 2722 777 2799 qui
793 2721 901 2793 servis,
917 2719 955 2796 qui

283 2804 371 2860 mutis
390 2803 546 2880 pecudibus
567 2803 681 2879 promit,
702 2819 840 2874 eorum,
867 2800 955 2881 quibus

284 2884 399 2960 praesit,
422 2882 585 2940 commodis
604 2881 776 2959 utilitatique
795 2882 909 2941 servire.

327 2977 375 3017 20.
391 2958 482 3035 Cujus
502 2962 619 3039 quidem
639 2963 753 3041 generis
776 2961 907 3023 constare
920 2961 956 3017 in·

283 3057 328 3099 ter
349 3060 451 3099 omnes
474 3040 583 3115 video,
605 3042 702 3099 abste
723 3039 869 3103 summam
888 3041 956 3101 adhi-

283 3121 348 3181 beri
364 3120 559 3201 diligentiam:
582 3122 690 3181 nullum
712 3141 750 3181 aes
767 3123 898 3183 alienum
914 3141 956 3180 no·

284 3221 356 3264 vum
383 3201 511 3261 contrahi
537 3201 719 3272 civitatibus3
744 3211 852 3263 v'etete
873 3219 956 3263 antem

285 3304 394 3364 magno
417 3283 449 3342 &
468 3285 548 3362 gravi
566 3282 669 3341 multas
693 3281 794 3342 abste
813 3283 871 3343 esse
892 3283 955 3344 libe·

285 3381 378 3435 ratas3
398 3365 481 3423 urbes
503 3364 665 3440 complures
685 3363 818 3435 dirutas,
837 3386 871 3424 ac
894 3362 956 3442 peni

284 3445 407 3506 desertas
429 3443 442 3522 (
459 3445 487 3500 in
506 3443 608 3521 quibus
627 3462 712 3501 unam
732 3440 827 3504 loniae
847 3444 958 3523 'nobiliss

285 3527 408 3597 simam,
423 3524 540 3583 alteram
558 3521 672 3594 Cariae‚
692 3520 814 3582 Samum
836 3525 869 3585 &
888 3523 958 3584 Hali·

286 3601 470 3684 carnaffum)
491 3619 593 3682 perte
614 3601 669 3663 effe
691 3622 836 3664 recreatas
847 3624 858 3678 ;
878 3604 959 3665 nulla

286 3683 345 3747 effe
359 3689 388 3747 in
408 3685 523 3765 oppidis
546 3682 720 3756 seditiones,
743 3685 840 3744 nullas
858 3685 959 3746 discor·

287 3763 370 3839 dios3
388 3764 534 3848 provideri
551 3765 599 3829 ahs
620 3776 673 3840 te',
689 3783 721 3827 ut
735 3764 961 3848 civitatesoptiq
