2409 5492
200 1229 284 1312 ‘344
355 1211 727 1280 Errrrorrivrr

204 1348 291 1400 mus,
319 1325 445 1386 eruditur
468 1345 535 1408 egre
557 1325 605 1382 ie:
624 1322 681 1381 hoc
696 1342 776 1385 nuuc
795 1326 892 1408 magis

206 1404 426 1478 animadverto,
442 1407 522 1487 qubd
536 1345 692 1484 lyrannio
709 1404 800 1465 docet
814 1405 891 1486 apud

206 1507 263 1547 me.
287 1485 401 1545 Domus
422 1485 567 1565 utriusque
590 1481 719 1543 nostrum
733 1483 890 1546 aedificamr

206 1565 328 1627 strenue.
347 1565 540 1646 Redemptori
558 1584 609 1624 tuo
629 1563 782 1625 dimidium
800 1586 892 1646 pecu·

206 1649 261 1706 niae
279 1648 387 1704 curavi.
407 1647 501 1726 Spero
518 1668 572 1705 nos
591 1661 656 1704 anre
670 1644 800 1706 hiemem
817 1666 892 1706 cort·

207 1727 371 1787 tubernales
401 1724 475 1786 fore.
505 1725 555 1785 De
583 1723 678 1784 nostra
702 1725 822 1799 Tullia,
850 1728 892 1786 tui

206 1807 375 1867 mehercule
391 1809 601 1880 amantissima,
620 1804 703 1885 spero
719 1827 786 1865 cum
805 1803 894 1866 cras-

209 1889 312 1968 sipede
339 1908 393 1946 nos
414 1886 574 1948 confecisse.
604 1885 679 1945 Dies
701 1904 784 1946 erant
805 1886 891 1961 duo,

210 1971 261 2049 qui
278 1965 341 2048 post
362 1967 475 2027 Latinas
493 1968 632 2027 habemur
652 1967 799 2048 religiosi3
816 1984 894 2026 cete·

210 2050 307 2121 rum,
335 2048 384 2127 qui
408 2047 573 2109 confellum
597 2065 659 2109 erat
690 2046 803 2118 Latiar,
830 2063 893 2107 erat

208 2144 344 2189 exrturus.

197 2301 199 2307 .
282 2255 455 2318 Mtucus
496 2256 540 2337 Q.
582 2256 742 2317 Furi-ur
779 2253 810 2316 S.

194 2390 259 2441 'DE
276 2390 378 2456 pecunia
403 2389 514 2458 Pompeio
535 2390 559 2438 in
577 2388 734 2454 frumentaria
757 2385 827 2456 σακία
852 2388 896 2438 ‹le-

247 2477 312 2512 ctera
321 2503 332 2530 ‚
353 2463 381 2511 tle
403 2481 458 2532 agro
480 2466 598 2528 Campano
616 2463 671 2528 quid
685 2463 709 2512 in
721 2458 807 2528 scum
822 2462 898 2512 amm

250 2537 300 2594 sit,
323 2542 346 2591 ca
366 2537 394 2585 tle
412 2538 452 2585 M.
467 2536 538 2585 furio
555 2535 643 2584 Flacco
661 2553 673 2586 e
690 2535 798 2604 collegiis
814 2533 897 2602 ejeslo·

249 2611 321 2659 Anno
344 2613 376 2663 U.
396 2612 423 2660 C.
442 2616 499 2673 697.

229 2787 255 2846 5.
270 2701 519 2827 Danaum
540 2767 576 2825 ad
599 2759 628 2826 'te
650 2767 756 2826 litteras
778 2783 897 2839 antea,

236 2849 318 2908 uibus
340 2868 400 2908 erat
427 2848 589 2926 scriptum,
618 2846 745 2904 Tulliam
771 2844 900 2904 nostram

211 2869 384 3063 {rassipedi
401 2928 474 3004 prid.
494 2926 573 2985 Non.
589 2925 682 3004 April.
700 2925 755 2986 esfe
773 2925 902 3006 despon-

225 3025 271 3062 am
293 3026 302 3076 ;
333 3024 484 3084 ceteraque
507 3006 541 3062 de
563 3007 710 3084 republica
727 3007 901 3086 privataque

213 3083 438 3165 perscripseram.
456 3083 556 3142 Poslea
571 3085 635 3145 suut
651 3088 712 3145 haec
730 3087 799 3144 asla.
817 3085 901 3146 Non.

214 3163 308 3245 April.
336 3164 579 3225 senatusconsulto
608 3167 749 3246 Pompeio
776 3168 902 3246 pecunia

215 3246 332 3306 decreta
367 3249 396 3305 in
429 3266 491 3304 rem
518 3245 732 3306 frumentariam
765 3247 801 3304 ad
829 3245 899 3304 H-S

216 3344 313 3387 cece.
330 3326 390 3386 Sed
406 3326 513 3385 eodem
531 3326 577 3385 die
594 3327 783 3386 vehementer
804 3326 901 3385 aslum

215 3408 253 3465 de
269 3428 337 3487 agro
351 3405 524 3485 Campano,
539 3407 665 3465 clamore
681 3405 791 3465 senariis
805 3407 901 3485 prope

215 3487 396 3545 concionali:
412 3488 552 3545 acriorem
570 3486 681 3545 causam
696 3489 795 3565 inopia
810 3507 903 3565 pecu-

215 3570 270 3623 niae
300 3567 455 3640 faciebat,
491 3567 522 3625 &
547 3587 668 3626 atmonae
694 3569 803 3625 caritas.
831 3565 901 3624 Nor.

215 3650 452 3722 praetermittam,
474 3667 510 3706 ne
532 3647 601 3705 illud
624 3647 757 3728 quidem:
777 3644 821 3704 M.
842 3647 904 3704 Fu·

214 3727 289 3789 rium
314 3729 469 3802 Flaccum,
489 3730 617 3811 equitem
637 3727 828 3801 Romanum,
847 3726 905 3787 lto-
