2409 5492
1032 1047 1091 1107 Si
1122 1048 1215 1106 alii
1246 1047 1503 1108 consules
1530 1047 1710 1108 essent
1731 1091 1752 1120 ,
1787 1045 1859 1105 ad
1891 1061 1950 1106 te
1985 1048 2108 1125 poti

1040 1125 1215 1187 Paule
1236 1170 1257 1199 ,
1280 1129 1610 1201 mitterem,
1642 1142 1705 1186 ut
1736 1145 1839 1186 eos
1868 1126 2009 1184 mihi
2040 1146 2108 1206 qu

1033 1208 1294 1266 cissimos
1335 1206 1649 1267 redderes:
1694 1226 1846 1266 nunc
1889 1226 2108 1286 quum1

1033 1305 1133 1344 rna
1166 1283 1415 1365 potestas
1436 1331 1457 1360 ,
1489 1286 1820 1368 summaque
1847 1284 2108 1346 metor-ita

1035 1384 1154 1446 que
1193 1366 1461 1426 omnibus
1496 1366 1689 1427 nostra
1727 1366 2091 1427 necessitudo

1036 1445 1340 1505 hementer
1370 1464 1428 1506 te
1471 1468 1616 1530 rogo
1637 1491 1656 1519 ‚
1702 1463 1766 1506 ut
1799 1446 1862 1505 &
1896 1445 2072 1526 quam

1033 1527 1366 1586 tentissime
1413 1546 1575 1587 cures
1631 1526 2056 1587 decernendum

1035 1605 1206 1665 rebus
1257 1604 1422 1686 gestis
1443 1651 1463 1679 ,
1506 1607 1569 1666 &
1608 1606 1781 1686 quam
1822 1606 2108 1666 celerrime

1037 1706 1129 1746 res
1171 1683 1284 1746 esse
1325 1686 1548 1747 honore
1590 1686 1652 1745 &
1691 1687 2064 1768 gratulatione
2088 1729 2108 1759 ‚

1042 1784 1140 1826 ces
1186 1784 1260 1826 ex
1298 1767 1364 1826 iis
1410 1768 1605 1827 litteris
1627 1811 1648 1840 ,
1677 1787 1816 1846 quas
1856 1766 1933 1826 ad
1969 1782 2029 1826 te
2054 1810 2076 1840 ‚

1037 1866 1174 1926 garn
1196 1891 1216 1918 ,
1254 1845 1319 1904 δι
1348 1845 1603 1907 senatum
1638 1847 1860 1926 publice
1894 1848 2025 1905 misi
2054 1864 2071 1905 t
2100 1867 2108 1900 ε

1043 1946 1155 2005 que
1192 1945 1450 1985 mearum
1481 1927 1827 2009 reliquarum
1856 1945 2047 1986 rerum
2071 1970 2092 1999 ,

1025 2024 1154 2083 -que
1178 2003 1603 2065 existimationis
1627 2026 1774 2065 meae
1797 2007 2108 2086 procuratic

1015 2098 1273 2162 -eeptam
1314 2085 1496 2145 velim
1543 2085 1777 2145 habeas.
1838 2083 1905 2144 In
1949 2087 2108 2166 primi

1017 2183 1189 2223 ·curae
1231 2165 1340 2236 sit,
1381 2164 1539 2244 quod
1585 2165 1684 2224 abs
1724 2184 1780 2225 te
1824 2163 2108 2245 superiori]

1020 2262 1154 2323 -que
1192 2243 1393 2303 litteris
1427 2247 1652 2325 petivi,
1695 2265 1768 2304 ne
1811 2246 1952 2303 mihi
1986 2263 2108 2306 tem

1040 2341 1292 2404 rogetur.
1335 2323 1528 2405 Cupio
1562 2341 1620 2386 te
1655 2324 1946 2385 consulem
1981 2326 2108 2387 vide

1015 2405 1249 2482 ·niaque
1295 2402 1500 2485 spero,
1551 2425 1728 2486 quum
1763 2403 1963 2464 absens
1986 2449 2007 2476 ‚
2059 2422 2108 2467 tt

1043 2482 1287 2563 praesens
1312 2528 1332 2559 ,
1373 2502 1431 2548 te
1485 2484 1714 2546 consule
1754 2483 1985 2566 affequi.
