<?xml version="1.0" encoding="UTF-8"?>
<!DOCTYPE html PUBLIC "-//W3C//DTD XHTML 1.0 Transitional//EN"
    "http://www.w3.org/TR/xhtml1/DTD/xhtml1-transitional.dtd">
<html xmlns="http://www.w3.org/1999/xhtml" xml:lang="en" lang="en">
 <head>
  <title>
</title>
<meta http-equiv="Content-Type" content="text/html;charset=utf-8" />
  <meta name='ocr-system' content='tesseract 3.04.00' />
  <meta name='ocr-capabilities' content='ocr_page ocr_carea ocr_par ocr_line ocrx_word'/>
</head>
<body>
  <div class='ocr_page' id='page_1' title='image "./mtulliiciceroni09lallgoog/mtulliiciceroni09lallgoog_0432.png"; bbox 0 0 2409 5492; ppageno 0'>
   <div class='ocr_carea' id='block_1_1' title="bbox 251 1239 745 1332">
    <p class='ocr_par' dir='ltr' id='par_1_1' title="bbox 251 1239 745 1332">
     <span class='ocr_line' id='line_1_1' title="bbox 251 1239 745 1332; baseline 0 -29"><span class='ocrx_word' id='word_1_1' title='bbox 251 1258 330 1332; x_wconf 82' lang='lat'><em>434</em></span> <span class='ocrx_word' id='word_1_2' title='bbox 418 1239 745 1306; x_wconf 74' lang='lat' dir='ltr'><em>·Er1sroen</em></span> 
     </span>
    </p>
   </div>
   <div class='ocr_carea' id='block_1_2' title="bbox 211 1351 962 3847">
    <p class='ocr_par' dir='ltr' id='par_1_2' title="bbox 211 1351 962 3847">
     <span class='ocr_line' id='line_1_2' title="bbox 246 1351 949 1433; baseline 0.004 -21"><span class='ocrx_word' id='word_1_3' title='bbox 246 1354 302 1433; x_wconf 71' lang='lat' dir='ltr'><em>fici</em></span> <span class='ocrx_word' id='word_1_4' title='bbox 322 1352 445 1428; x_wconf 71' lang='lat' dir='ltr'><em>dixeris,</em></span> <span class='ocrx_word' id='word_1_5' title='bbox 462 1371 512 1412; x_wconf 82' lang='lat' dir='ltr'><em>oue</em></span> <span class='ocrx_word' id='word_1_6' title='bbox 527 1351 638 1426; x_wconf 81' lang='lat' dir='ltr'><em>feceris.</em></span> <span class='ocrx_word' id='word_1_7' title='bbox 658 1353 702 1410; x_wconf 86' lang='lat' dir='ltr'><em>Ae</em></span> <span class='ocrx_word' id='word_1_8' title='bbox 720 1351 837 1426; x_wconf 65' lang='lat' dir='ltr'><em>dolore}</em></span> <span class='ocrx_word' id='word_1_9' title='bbox 856 1373 949 1433; x_wconf 85' lang='lat' dir='ltr'><em>quon·</em></span> 
     </span>
     <span class='ocr_line' id='line_1_3' title="bbox 254 1429 947 1513; baseline 0 -20"><span class='ocrx_word' id='word_1_10' title='bbox 254 1452 310 1493; x_wconf 87' lang='lat' dir='ltr'><em>turn</em></span> <span class='ocrx_word' id='word_1_11' title='bbox 329 1436 420 1493; x_wconf 88' lang='lat' dir='ltr'><em>animo</em></span> <span class='ocrx_word' id='word_1_12' title='bbox 445 1435 590 1493; x_wconf 83' lang='lat' dir='ltr'><em>maximum</em></span> <span class='ocrx_word' id='word_1_13' title='bbox 617 1452 713 1512; x_wconf 82' lang='lat' dir='ltr'><em>capere</em></span> <span class='ocrx_word' id='word_1_14' title='bbox 737 1429 867 1513; x_wconf 83' lang='lat' dir='ltr'><em>poffiem‚</em></span> <span class='ocrx_word' id='word_1_15' title='bbox 895 1458 947 1493; x_wconf 87' lang='lat' dir='ltr'><em>ea·</em></span> 
     </span>
     <span class='ocr_line' id='line_1_4' title="bbox 254 1512 947 1596; baseline 0.001 -23"><span class='ocrx_word' id='word_1_16' title='bbox 254 1516 313 1573; x_wconf 82' lang='lat' dir='ltr'><em>dcrn</em></span> <span class='ocrx_word' id='word_1_17' title='bbox 327 1513 380 1573; x_wconf 82' lang='lat' dir='ltr'><em>illo</em></span> <span class='ocrx_word' id='word_1_18' title='bbox 396 1533 466 1595; x_wconf 84' lang='lat' dir='ltr'><em>pers</em></span> <span class='ocrx_word' id='word_1_19' title='bbox 479 1514 592 1596; x_wconf 69' lang='lat' dir='ltr'><em>epistole</em></span> <span class='ocrx_word' id='word_1_20' title='bbox 608 1512 719 1593; x_wconf 80' lang='lat' dir='ltr'><em>scripta</em></span> <span class='ocrx_word' id='word_1_21' title='bbox 739 1516 786 1572; x_wconf 82' lang='lat' dir='ltr'><em>ad.</em></span> <span class='ocrx_word' id='word_1_22' title='bbox 799 1516 947 1575; x_wconf 66' lang='lat' dir='ltr'><em>Offovium</em></span> 
     </span>
     <span class='ocr_line' id='line_1_5' title="bbox 254 1592 948 1676; baseline 0.003 -23"><span class='ocrx_word' id='word_1_23' title='bbox 254 1596 288 1653; x_wconf 85' lang='lat' dir='ltr'><em>de</em></span> <span class='ocrx_word' id='word_1_24' title='bbox 302 1593 402 1665; x_wconf 83' lang='lat' dir='ltr'><em>nobis,</em></span> <span class='ocrx_word' id='word_1_25' title='bbox 423 1592 525 1674; x_wconf 80' lang='lat' dir='ltr'><em>offecit.</em></span> <span class='ocrx_word' id='word_1_26' title='bbox 545 1596 595 1653; x_wconf 88' lang='lat' dir='ltr'><em>Sic</em></span> <span class='ocrx_word' id='word_1_27' title='bbox 612 1594 682 1653; x_wconf 85' lang='lat' dir='ltr'><em>enirn</em></span> <span class='ocrx_word' id='word_1_28' title='bbox 699 1593 748 1651; x_wconf 85' lang='lat' dir='ltr'><em>iili¹</em></span> <span class='ocrx_word' id='word_1_29' title='bbox 762 1597 872 1676; x_wconf 76' lang='lat' dir='ltr'><em>gratias</em></span> <span class='ocrx_word' id='word_1_30' title='bbox 885 1598 948 1676; x_wconf 75' lang='lat' dir='ltr'><em>ogis</em></span> 
     </span>
     <span class='ocr_line' id='line_1_6' title="bbox 254 1672 948 1754; baseline 0.003 -21"><span class='ocrx_word' id='word_1_31' title='bbox 254 1675 287 1733; x_wconf 82' lang='lat' dir='ltr'><em>de</em></span> <span class='ocrx_word' id='word_1_32' title='bbox 308 1673 472 1754; x_wconf 78' lang='lat' dir='ltr'><em>republica,</em></span> <span class='ocrx_word' id='word_1_33' title='bbox 502 1693 558 1734; x_wconf 82' lang='lat' dir='ltr'><em>com</em></span> <span class='ocrx_word' id='word_1_34' title='bbox 580 1672 747 1754; x_wconf 77' lang='lat' dir='ltr'><em>suppliciter</em></span> <span class='ocrx_word' id='word_1_35' title='bbox 772 1696 808 1733; x_wconf 85' lang='lat' dir='ltr'><em>nc</em></span> <span class='ocrx_word' id='word_1_36' title='bbox 835 1676 948 1749; x_wconf 69' lang='lat' dir='ltr'><em>demissi</em></span> 
     </span>
     <span class='ocr_line' id='line_1_7' title="bbox 258 1752 948 1835; baseline 0.004 -24"><span class='ocrx_word' id='word_1_37' title='bbox 258 1752 352 1833; x_wconf 84' lang='lat' dir='ltr'><em>(qnid</em></span> <span class='ocrx_word' id='word_1_38' title='bbox 357 1753 476 1833; x_wconf 84' lang='lat' dir='ltr'><em>scribam</em></span> <span class='ocrx_word' id='word_1_39' title='bbox 493 1756 609 1835; x_wconf 82' lang='lat' dir='ltr'><em>?pudee</em></span> <span class='ocrx_word' id='word_1_40' title='bbox 625 1754 815 1828; x_wconf 83' lang='lat' dir='ltr'><em>conditionis,</em></span> <span class='ocrx_word' id='word_1_41' title='bbox 833 1777 868 1814; x_wconf 86' lang='lat' dir='ltr'><em>oc</em></span> <span class='ocrx_word' id='word_1_42' title='bbox 879 1753 948 1835; x_wconf 83' lang='lat' dir='ltr'><em>sor·</em></span> 
     </span>
     <span class='ocr_line' id='line_1_8' title="bbox 257 1833 948 1916; baseline 0.001 -21"><span class='ocrx_word' id='word_1_43' title='bbox 257 1852 329 1895; x_wconf 77' lang='lat' dir='ltr'><em>mna</em></span> <span class='ocrx_word' id='word_1_44' title='bbox 349 1856 357 1893; x_wconf 73' lang='grc' dir='ltr'><strong><em>ε</em></strong></span> <span class='ocrx_word' id='word_1_45' title='bbox 373 1833 426 1913; x_wconf 78' lang='lat' dir='ltr'><em>sed</em></span> <span class='ocrx_word' id='word_1_46' title='bbox 444 1853 533 1895; x_wconf 85' lang='lat' dir='ltr'><em>tomen</em></span> <span class='ocrx_word' id='word_1_47' title='bbox 548 1833 722 1915; x_wconf 78' lang='lat' dir='ltr'><em>scribendum</em></span> <span class='ocrx_word' id='word_1_48' title='bbox 739 1833 796 1916; x_wconf 80' lang='lat' dir='ltr'><em>est)</em></span> <span class='ocrx_word' id='word_1_49' title='bbox 812 1857 948 1897; x_wconf 84' lang='lat' dir='ltr'><em>commcn-</em></span> 
     </span>
     <span class='ocr_line' id='line_1_9' title="bbox 258 1910 948 1996; baseline 0.004 -22"><span class='ocrx_word' id='word_1_50' title='bbox 258 1917 312 1975; x_wconf 79' lang='lat' dir='ltr'><em>dns</em></span> <span class='ocrx_word' id='word_1_51' title='bbox 335 1915 447 1995; x_wconf 78' lang='lat' dir='ltr'><em>nostrone</em></span> <span class='ocrx_word' id='word_1_52' title='bbox 461 1914 580 1994; x_wconf 67' lang='lat' dir='ltr'><em>senionem</em></span> <span class='ocrx_word' id='word_1_53' title='bbox 608 1914 654 1974; x_wconf 87' lang='lat' dir='ltr'><em>illi</em></span> <span class='ocrx_word' id='word_1_54' title='bbox 673 1910 756 1993; x_wconf 80' lang='lat' dir='ltr'><em>(quo</em></span> <span class='ocrx_word' id='word_1_55' title='bbox 784 1935 867 1976; x_wconf 80' lang='lat' dir='ltr'><em>morte</em></span> <span class='ocrx_word' id='word_1_56' title='bbox 892 1917 948 1996; x_wconf 74' lang='lat' dir='ltr'><em>qui</em></span> 
     </span>
     <span class='ocr_line' id='line_1_10' title="bbox 259 1994 948 2077; baseline 0 -20"><span class='ocrx_word' id='word_1_57' title='bbox 259 1995 321 2057; x_wconf 68' lang='lat' dir='ltr'><em>non&#39;</em></span> <span class='ocrx_word' id='word_1_58' title='bbox 335 1996 538 2077; x_wconf 78' lang='lat' dir='ltr'><em>perniciosior)</em></span> <span class='ocrx_word' id='word_1_59' title='bbox 556 2014 586 2055; x_wconf 86' lang='lat' dir='ltr'><em>ue</em></span> <span class='ocrx_word' id='word_1_60' title='bbox 602 1994 714 2075; x_wconf 76' lang='lat' dir='ltr'><em>proefies</em></span> <span class='ocrx_word' id='word_1_61' title='bbox 729 2015 787 2077; x_wconf 82' lang='lat' dir='ltr'><em>prae</em></span> <span class='ocrx_word' id='word_1_62' title='bbox 805 2014 829 2056; x_wconf 86' lang='lat' dir='ltr'><em>ee</em></span> <span class='ocrx_word' id='word_1_63' title='bbox 844 1994 948 2074; x_wconf 83' lang='lat' dir='ltr'><em>feras,</em></span> 
     </span>
     <span class='ocr_line' id='line_1_11' title="bbox 260 2075 949 2155; baseline -0.003 -18"><span class='ocrx_word' id='word_1_64' title='bbox 260 2097 316 2137; x_wconf 87' lang='lat' dir='ltr'><em>non</em></span> <span class='ocrx_word' id='word_1_65' title='bbox 328 2075 468 2154; x_wconf 79' lang='lat' dir='ltr'><em>fiebloeone</em></span> <span class='ocrx_word' id='word_1_66' title='bbox 487 2076 721 2146; x_wconf 79' lang='lat' dir='ltr'><em>dominationem,</em></span> <span class='ocrx_word' id='word_1_67' title='bbox 740 2075 794 2155; x_wconf 81' lang='lat' dir='ltr'><em>sed</em></span> <span class='ocrx_word' id='word_1_68' title='bbox 809 2077 949 2137; x_wconf 82' lang='lat' dir='ltr'><em>dominum</em></span> 
     </span>
     <span class='ocr_line' id='line_1_12' title="bbox 260 2155 946 2238; baseline 0.003 -23"><span class='ocrx_word' id='word_1_69' title='bbox 260 2172 452 2215; x_wconf 81' lang='lat' dir='ltr'><em>commutatum</em></span> <span class='ocrx_word' id='word_1_70' title='bbox 474 2177 487 2213; x_wconf 94' lang='lat' dir='ltr'><em>e</em></span> <span class='ocrx_word' id='word_1_71' title='bbox 510 2176 533 2214; x_wconf 85' lang='lat' dir='ltr'><em>e.</em></span> <span class='ocrx_word' id='word_1_72' title='bbox 555 2155 643 2217; x_wconf 84' lang='lat' dir='ltr'><em>Verbo</em></span> <span class='ocrx_word' id='word_1_73' title='bbox 663 2172 712 2214; x_wconf 83' lang='lat' dir='ltr'><em>mo</em></span> <span class='ocrx_word' id='word_1_74' title='bbox 730 2156 900 2238; x_wconf 77' lang='lat' dir='ltr'><em>recognosce,</em></span> <span class='ocrx_word' id='word_1_75' title='bbox 916 2158 946 2217; x_wconf 66' lang='lat' dir='ltr'><em>ce</em></span> 
     </span>
     <span class='ocr_line' id='line_1_13' title="bbox 260 2236 947 2319; baseline 0.001 -24"><span class='ocrx_word' id='word_1_76' title='bbox 260 2236 333 2295; x_wconf 78' lang='lat' dir='ltr'><em>aude</em></span> <span class='ocrx_word' id='word_1_77' title='bbox 345 2257 460 2317; x_wconf 80' lang='lat' dir='ltr'><em>negare,</em></span> <span class='ocrx_word' id='word_1_78' title='bbox 488 2236 616 2296; x_wconf 81' lang='lat' dir='ltr'><em>eroicntis</em></span> <span class='ocrx_word' id='word_1_79' title='bbox 634 2236 768 2297; x_wconf 69' lang='lat' dir='ltr'><em>adversis</em></span> <span class='ocrx_word' id='word_1_80' title='bbox 783 2257 866 2319; x_wconf 79' lang='lat' dir='ltr'><em>regem</em></span> <span class='ocrx_word' id='word_1_81' title='bbox 883 2237 947 2318; x_wconf 69' lang='lat' dir='ltr'><em>istas</em></span> 
     </span>
     <span class='ocr_line' id='line_1_14' title="bbox 261 2311 952 2399; baseline 0.006 -25"><span class='ocrx_word' id='word_1_82' title='bbox 261 2311 311 2393; x_wconf 79' lang='lat' dir='ltr'><em>effe</em></span> <span class='ocrx_word' id='word_1_83' title='bbox 324 2335 425 2396; x_wconf 88' lang='lat' dir='ltr'><em>preces.</em></span> <span class='ocrx_word' id='word_1_84' title='bbox 440 2317 532 2376; x_wconf 85' lang='lat' dir='ltr'><em>Unum</em></span> <span class='ocrx_word' id='word_1_85' title='bbox 546 2316 588 2375; x_wconf 82' lang='lat' dir='ltr'><em>cis</em></span> <span class='ocrx_word' id='word_1_86' title='bbox 599 2313 647 2395; x_wconf 82' lang='lat' dir='ltr'><em>effe</em></span> <span class='ocrx_word' id='word_1_87' title='bbox 660 2359 669 2388; x_wconf 92' lang='lat'><strong>‚</strong></span> <span class='ocrx_word' id='word_1_88' title='bbox 684 2318 760 2396; x_wconf 82' lang='lat' dir='ltr'><em>qnod</em></span> <span class='ocrx_word' id='word_1_89' title='bbox 773 2318 809 2376; x_wconf 85' lang='lat' dir='ltr'><em>ab</em></span> <span class='ocrx_word' id='word_1_90' title='bbox 823 2340 853 2378; x_wconf 95' lang='lat' dir='ltr'><em>eo</em></span> <span class='ocrx_word' id='word_1_91' title='bbox 859 2313 952 2399; x_wconf 58' lang='lat' dir='ltr'><em>&#39;postre-</em></span> 
     </span>
     <span class='ocr_line' id='line_1_15' title="bbox 262 2395 952 2479; baseline 0.007 -25"><span class='ocrx_word' id='word_1_92' title='bbox 262 2395 352 2471; x_wconf 76' lang='lat' dir='ltr'><em>letter,</em></span> <span class='ocrx_word' id='word_1_93' title='bbox 373 2396 400 2457; x_wconf 79' lang='grc'><em>6·</em></span> <span class='ocrx_word' id='word_1_94' title='bbox 418 2397 602 2478; x_wconf 71' lang='lat' dir='ltr'><em>exspecietur3</em></span> <span class='ocrx_word' id='word_1_95' title='bbox 614 2414 645 2456; x_wconf 82' lang='lat' dir='ltr'><em>ue</em></span> <span class='ocrx_word' id='word_1_96' title='bbox 659 2417 706 2457; x_wconf 88' lang='lat' dir='ltr'><em>eos</em></span> <span class='ocrx_word' id='word_1_97' title='bbox 723 2398 816 2478; x_wconf 82' lang='lat' dir='ltr'><em>cives,</em></span> <span class='ocrx_word' id='word_1_98' title='bbox 840 2401 875 2456; x_wconf 83' lang='lat' dir='ltr'><em>de</em></span> <span class='ocrx_word' id='word_1_99' title='bbox 886 2400 952 2479; x_wconf 86' lang='lat' dir='ltr'><em>qui·</em></span> 
     </span>
     <span class='ocr_line' id='line_1_16' title="bbox 262 2475 955 2560; baseline 0.004 -24"><span class='ocrx_word' id='word_1_100' title='bbox 262 2475 315 2536; x_wconf 74' lang='lat' dir='ltr'><em>bus</em></span> <span class='ocrx_word' id='word_1_101' title='bbox 322 2478 377 2538; x_wconf 79' lang='lat' dir='ltr'><em>viri</em></span> <span class='ocrx_word' id='word_1_102' title='bbox 384 2478 447 2537; x_wconf 83' lang='lat' dir='ltr'><em>boni</em></span> <span class='ocrx_word' id='word_1_103' title='bbox 456 2476 623 2560; x_wconf 76' lang='lat' dir='ltr'><em>populusque</em></span> <span class='ocrx_word' id='word_1_104' title='bbox 634 2479 776 2537; x_wconf 79' lang='lat' dir='ltr'><em>Romanus</em></span> <span class='ocrx_word' id='word_1_105' title='bbox 783 2478 850 2537; x_wconf 84' lang='lat' dir='ltr'><em>benc</em></span> <span class='ocrx_word' id='word_1_106' title='bbox 859 2481 955 2560; x_wconf 83' lang='lat' dir='ltr'><em>existi·</em></span> 
     </span>
     <span class='ocr_line' id='line_1_17' title="bbox 266 2558 955 2639; baseline 0.007 -23"><span class='ocrx_word' id='word_1_107' title='bbox 266 2575 319 2617; x_wconf 81' lang='lat' dir='ltr'><em>met</em></span> <span class='ocrx_word' id='word_1_108' title='bbox 331 2602 341 2631; x_wconf 89' lang='lat'>‚</span> <span class='ocrx_word' id='word_1_109' title='bbox 354 2558 452 2638; x_wconf 81' lang='lat' dir='ltr'><em>salvos</em></span> <span class='ocrx_word' id='word_1_110' title='bbox 468 2560 544 2619; x_wconf 80' lang='lat' dir='ltr'><em>velit.</em></span> <span class='ocrx_word' id='word_1_111' title='bbox 557 2560 657 2639; x_wconf 82' lang='lat' dir='ltr'><em>Quid,</em></span> <span class='ocrx_word' id='word_1_112' title='bbox 675 2559 702 2617; x_wconf 89' lang='lat' dir='ltr'><em>si</em></span> <span class='ocrx_word' id='word_1_113' title='bbox 711 2558 778 2616; x_wconf 72' lang='lat' dir='ltr'><em>noHt</em></span> <span class='ocrx_word' id='word_1_114' title='bbox 793 2559 811 2617; x_wconf 69' lang='lat'><em>,2</em></span> <span class='ocrx_word' id='word_1_115' title='bbox 825 2581 882 2619; x_wconf 93' lang='lat' dir='ltr'><em>non</em></span> <span class='ocrx_word' id='word_1_116' title='bbox 892 2562 955 2621; x_wconf 86' lang='lat' dir='ltr'><em>eri·</em></span> 
     </span>
     <span class='ocr_line' id='line_1_18' title="bbox 267 2635 955 2719; baseline 0.006 -23"><span class='ocrx_word' id='word_1_117' title='bbox 267 2657 326 2696; x_wconf 83' lang='lat' dir='ltr'><em>mus</em></span> <span class='ocrx_word' id='word_1_118' title='bbox 341 2640 358 2698; x_wconf 68' lang='grc' dir='ltr'><strong><em>ἓ</em></strong></span> <span class='ocrx_word' id='word_1_119' title='bbox 376 2640 488 2719; x_wconf 79' lang='lat' dir='ltr'><em>Atqui,</em></span> <span class='ocrx_word' id='word_1_120' title='bbox 506 2661 561 2699; x_wconf 92' lang='lat' dir='ltr'><em>non</em></span> <span class='ocrx_word' id='word_1_121' title='bbox 576 2636 648 2716; x_wconf 83' lang='lat' dir='ltr'><em>effi,</em></span> <span class='ocrx_word' id='word_1_122' title='bbox 669 2638 747 2718; x_wconf 75' lang='lat' dir='ltr'><em>quim</em></span> <span class='ocrx_word' id='word_1_123' title='bbox 767 2635 815 2717; x_wconf 64' lang='lat' dir='ltr'><em>ff</em></span> <span class='ocrx_word' id='word_1_124' title='bbox 835 2660 888 2719; x_wconf 90' lang='lat' dir='ltr'><em>per</em></span> <span class='ocrx_word' id='word_1_125' title='bbox 911 2640 955 2700; x_wconf 85' lang='lat' dir='ltr'><em>il-</em></span> 
     </span>
     <span class='ocr_line' id='line_1_19' title="bbox 267 2717 956 2802; baseline 0.003 -25"><span class='ocrx_word' id='word_1_126' title='bbox 267 2718 325 2777; x_wconf 85' lang='lat' dir='ltr'><em>lom</em></span> <span class='ocrx_word' id='word_1_127' title='bbox 335 2762 345 2791; x_wconf 86' lang='lat'>,</span> <span class='ocrx_word' id='word_1_128' title='bbox 353 2723 468 2801; x_wconf 77' lang='lat' dir='ltr'><em>prostat.</em></span> <span class='ocrx_word' id='word_1_129' title='bbox 481 2722 563 2801; x_wconf 81' lang='lat' dir='ltr'><em>Ego,</em></span> <span class='ocrx_word' id='word_1_130' title='bbox 580 2717 685 2778; x_wconf 82' lang='lat' dir='ltr'><em>medius</em></span> <span class='ocrx_word' id='word_1_131' title='bbox 692 2717 800 2798; x_wconf 75' lang='lat' dir='ltr'><em>fidius,</em></span> <span class='ocrx_word' id='word_1_132' title='bbox 814 2742 870 2779; x_wconf 89' lang='lat' dir='ltr'><em>non</em></span> <span class='ocrx_word' id='word_1_133' title='bbox 881 2722 956 2802; x_wconf 82' lang='lat' dir='ltr'><em>exis·</em></span> 
     </span>
     <span class='ocr_line' id='line_1_20' title="bbox 268 2797 955 2880; baseline 0.007 -23"><span class='ocrx_word' id='word_1_134' title='bbox 268 2801 333 2857; x_wconf 81' lang='lat' dir='ltr'><em>timo</em></span> <span class='ocrx_word' id='word_1_135' title='bbox 354 2817 410 2858; x_wconf 84' lang='lat' dir='ltr'><em>tom</em></span> <span class='ocrx_word' id='word_1_136' title='bbox 430 2822 520 2861; x_wconf 88' lang='lat' dir='ltr'><em>ornnes</em></span> <span class='ocrx_word' id='word_1_137' title='bbox 539 2803 603 2860; x_wconf 87' lang='lat' dir='ltr'><em>deos</em></span> <span class='ocrx_word' id='word_1_138' title='bbox 626 2799 734 2878; x_wconf 78' lang='lat' dir='ltr'><em>aversos</em></span> <span class='ocrx_word' id='word_1_139' title='bbox 757 2797 805 2878; x_wconf 76' lang='lat' dir='ltr'><em>effe</em></span> <span class='ocrx_word' id='word_1_140' title='bbox 828 2823 847 2859; x_wconf 84' lang='lat' dir='ltr'><em>a</em></span> <span class='ocrx_word' id='word_1_141' title='bbox 859 2802 955 2880; x_wconf 75' lang='lat' dir='ltr'><em>solem</em></span> 
     </span>
     <span class='ocr_line' id='line_1_21' title="bbox 263 2880 954 2965; baseline 0.012 -29"><span class='ocrx_word' id='word_1_142' title='bbox 263 2880 364 2959; x_wconf 83' lang='lat' dir='ltr'><em>populi</em></span> <span class='ocrx_word' id='word_1_143' title='bbox 376 2884 512 2953; x_wconf 84' lang='lat' dir='ltr'><em>Romani,</em></span> <span class='ocrx_word' id='word_1_144' title='bbox 531 2900 561 2939; x_wconf 86' lang='lat' dir='ltr'><em>ut</em></span> <span class='ocrx_word' id='word_1_145' title='bbox 575 2882 707 2941; x_wconf 67' lang='lat' dir='ltr'><em>Ociovius</em></span> <span class='ocrx_word' id='word_1_146' title='bbox 723 2882 844 2942; x_wconf 84' lang='lat' dir='ltr'><em>orandus</em></span> <span class='ocrx_word' id='word_1_147' title='bbox 858 2886 897 2943; x_wconf 84' lang='lat' dir='ltr'><em>sit</em></span> <span class='ocrx_word' id='word_1_148' title='bbox 902 2906 954 2965; x_wconf 92' lang='lat' dir='ltr'><em>pro</em></span> 
     </span>
     <span class='ocr_line' id='line_1_22' title="bbox 261 2957 954 3041; baseline 0.014 -27"><span class='ocrx_word' id='word_1_149' title='bbox 261 2958 355 3036; x_wconf 78' lang='lat' dir='ltr'><em>solem</em></span> <span class='ocrx_word' id='word_1_150' title='bbox 378 2957 534 3038; x_wconf 75' lang='lat' dir='ltr'><em>cujusquam</em></span> <span class='ocrx_word' id='word_1_151' title='bbox 553 2963 640 3031; x_wconf 78' lang='lat' dir='ltr'><em>civis,</em></span> <span class='ocrx_word' id='word_1_152' title='bbox 659 2983 714 3020; x_wconf 88' lang='lat' dir='ltr'><em>non</em></span> <span class='ocrx_word' id='word_1_153' title='bbox 732 2964 823 3021; x_wconf 79' lang='lat' dir='ltr'><em>dicam</em></span> <span class='ocrx_word' id='word_1_154' title='bbox 844 2984 897 3041; x_wconf 88' lang='lat' dir='ltr'><em>pro</em></span> <span class='ocrx_word' id='word_1_155' title='bbox 917 2965 954 3024; x_wconf 84' lang='lat' dir='ltr'><em>li-</em></span> 
     </span>
     <span class='ocr_line' id='line_1_23' title="bbox 270 3038 956 3104; baseline 0.013 -9"><span class='ocrx_word' id='word_1_156' title='bbox 270 3038 438 3098; x_wconf 82' lang='lat' dir='ltr'><em>beratoribus</em></span> <span class='ocrx_word' id='word_1_157' title='bbox 454 3041 525 3099; x_wconf 85' lang='lat' dir='ltr'><em>orbis</em></span> <span class='ocrx_word' id='word_1_158' title='bbox 539 3059 678 3099; x_wconf 84' lang='lat' dir='ltr'><em>terrorum.</em></span> <span class='ocrx_word' id='word_1_159' title='bbox 696 3044 785 3104; x_wconf 80' lang='lat' dir='ltr'><em>Juvat</em></span> <span class='ocrx_word' id='word_1_160' title='bbox 807 3044 876 3101; x_wconf 86' lang='lat' dir='ltr'><em>enim</em></span> <span class='ocrx_word' id='word_1_161' title='bbox 897 3066 956 3104; x_wconf 83' lang='lat' dir='ltr'><em>mo·</em></span> 
     </span>
     <span class='ocr_line' id='line_1_24' title="bbox 269 3119 955 3205; baseline 0.012 -29"><span class='ocrx_word' id='word_1_162' title='bbox 269 3119 366 3199; x_wconf 71' lang='lat' dir='ltr'><em>gnifici</em></span> <span class='ocrx_word' id='word_1_163' title='bbox 379 3120 455 3200; x_wconf 86' lang='lat' dir='ltr'><em>loqui</em></span> <span class='ocrx_word' id='word_1_164' title='bbox 468 3142 480 3192; x_wconf 92' lang='lat'><em>,·</em></span> <span class='ocrx_word' id='word_1_165' title='bbox 497 3120 524 3180; x_wconf 66' lang='grc' dir='ltr'><em>θ</em></span> <span class='ocrx_word' id='word_1_166' title='bbox 539 3122 607 3180; x_wconf 72' lang='lat' dir='ltr'><em>certe*</em></span> <span class='ocrx_word' id='word_1_167' title='bbox 622 3122 718 3194; x_wconf 84' lang='lat' dir='ltr'><em>decet,</em></span> <span class='ocrx_word' id='word_1_168' title='bbox 735 3124 866 3183; x_wconf 72' lang='lat' dir='ltr'><em>adversis</em></span> <span class='ocrx_word' id='word_1_169' title='bbox 878 3127 955 3205; x_wconf 81' lang='lat' dir='ltr'><em>igno·</em></span> 
     </span>
     <span class='ocr_line' id='line_1_25' title="bbox 272 3202 957 3281; baseline 0.007 -23"><span class='ocrx_word' id='word_1_170' title='bbox 272 3219 384 3273; x_wconf 83' lang='lat' dir='ltr'><em>rantes,</em></span> <span class='ocrx_word' id='word_1_171' title='bbox 404 3202 472 3281; x_wconf 85' lang='lat' dir='ltr'><em>quid</em></span> <span class='ocrx_word' id='word_1_172' title='bbox 510 3224 539 3262; x_wconf 90' lang='lat' dir='ltr'><em>ro</em></span> <span class='ocrx_word' id='word_1_173' title='bbox 561 3223 666 3281; x_wconf 82' lang='lat' dir='ltr'><em>quoque</em></span> <span class='ocrx_word' id='word_1_174' title='bbox 684 3205 851 3275; x_wconf 82' lang='lat' dir='ltr'><em>timendum,</em></span> <span class='ocrx_word' id='word_1_175' title='bbox 868 3223 918 3265; x_wconf 81' lang='lat' dir='ltr'><em>oue</em></span> <span class='ocrx_word' id='word_1_176' title='bbox 937 3226 957 3263; x_wconf 87' lang='lat' dir='ltr'><em>o</em></span> 
     </span>
     <span class='ocr_line' id='line_1_26' title="bbox 267 3224 956 3365; baseline 0.013 -28"><span class='ocrx_word' id='word_1_177' title='bbox 267 3302 377 3359; x_wconf 78' lang='lat' dir='ltr'><em>quoque</em></span> <span class='ocrx_word' id='word_1_178' title='bbox 388 3224 531 3360; x_wconf 61' lang='lat' dir='ltr'><em>petenjeim</em></span> <span class='ocrx_word' id='word_1_179' title='bbox 550 3287 595 3343; x_wconf 88' lang='lat' dir='ltr'><em>sit.</em></span> <span class='ocrx_word' id='word_1_180' title='bbox 613 3284 678 3341; x_wconf 85' lang='lat' dir='ltr'><em>Hoc</em></span> <span class='ocrx_word' id='word_1_181' title='bbox 696 3300 743 3356; x_wconf 85' lang='lat' dir='ltr'><em>tu,</em></span> <span class='ocrx_word' id='word_1_182' title='bbox 757 3286 872 3354; x_wconf 82' lang='lat' dir='ltr'><em>Cicero,</em></span> <span class='ocrx_word' id='word_1_183' title='bbox 884 3281 956 3365; x_wconf 81' lang='lat' dir='ltr'><em>poffe</em></span> 
     </span>
     <span class='ocr_line' id='line_1_27' title="bbox 211 3358 959 3439; baseline 0.012 -22"><span class='ocrx_word' id='word_1_184' title='bbox 211 3377 220 3388; x_wconf 88' lang='grc'><em>’·</em></span> <span class='ocrx_word' id='word_1_185' title='bbox 266 3358 371 3437; x_wconf 74' lang='lat' dir='ltr'><em>finieris</em></span> <span class='ocrx_word' id='word_1_186' title='bbox 390 3363 556 3436; x_wconf 68' lang='lat' dir='ltr'><em>Octavian,</em></span> <span class='ocrx_word' id='word_1_187' title='bbox 574 3363 602 3422; x_wconf 67' lang='lat' dir='ltr'><em>(e</em></span> <span class='ocrx_word' id='word_1_188' title='bbox 624 3362 670 3420; x_wconf 85' lang='lat' dir='ltr'><em>illi</em></span> <span class='ocrx_word' id='word_1_189' title='bbox 685 3365 790 3422; x_wconf 84' lang='lat' dir='ltr'><em>amicus</em></span> <span class='ocrx_word' id='word_1_190' title='bbox 810 3389 838 3424; x_wconf 87' lang='lat' dir='ltr'><em>cs</em></span> <span class='ocrx_word' id='word_1_191' title='bbox 856 3367 872 3422; x_wconf 71' lang='grc' dir='ltr'><strong><em>ἓ</em></strong></span> <span class='ocrx_word' id='word_1_192' title='bbox 887 3384 959 3439; x_wconf 76' lang='lat' dir='ltr'><em>out,</em></span> 
     </span>
     <span class='ocr_line' id='line_1_28' title="bbox 274 3441 958 3526; baseline 0.01 -27"><span class='ocrx_word' id='word_1_193' title='bbox 274 3441 301 3499; x_wconf 87' lang='lat' dir='ltr'><em>si</em></span> <span class='ocrx_word' id='word_1_194' title='bbox 310 3460 349 3498; x_wconf 87' lang='lat' dir='ltr'><em>me</em></span> <span class='ocrx_word' id='word_1_195' title='bbox 360 3462 450 3500; x_wconf 86' lang='lat' dir='ltr'><em>corum</em></span> <span class='ocrx_word' id='word_1_196' title='bbox 463 3445 544 3502; x_wconf 77' lang='lat' dir='ltr'><em>hebes</em></span> <span class='ocrx_word' id='word_1_197' title='bbox 555 3488 565 3514; x_wconf 94' lang='lat'>‚</span> <span class='ocrx_word' id='word_1_198' title='bbox 576 3444 621 3503; x_wconf 78' lang='lat' dir='ltr'><em>vis</em></span> <span class='ocrx_word' id='word_1_199' title='bbox 629 3445 722 3502; x_wconf 77' lang='lat' dir='ltr'><em>Romo</em></span> <span class='ocrx_word' id='word_1_200' title='bbox 734 3445 822 3503; x_wconf 83' lang='lat' dir='ltr'><em>videri</em></span> <span class='ocrx_word' id='word_1_201' title='bbox 835 3490 844 3519; x_wconf 88' lang='lat'>‚</span> <span class='ocrx_word' id='word_1_202' title='bbox 857 3468 958 3526; x_wconf 87' lang='lat' dir='ltr'><em>quum,</em></span> 
     </span>
     <span class='ocr_line' id='line_1_29' title="bbox 275 3521 960 3606; baseline 0.015 -29"><span class='ocrx_word' id='word_1_203' title='bbox 275 3539 306 3578; x_wconf 85' lang='lat' dir='ltr'><em>ue</em></span> <span class='ocrx_word' id='word_1_204' title='bbox 323 3521 422 3600; x_wconf 78' lang='lat' dir='ltr'><em>ibieffc</em></span> <span class='ocrx_word' id='word_1_205' title='bbox 456 3522 549 3602; x_wconf 76' lang='lat' dir='ltr'><em>offeni,</em></span> <span class='ocrx_word' id='word_1_206' title='bbox 563 3525 792 3583; x_wconf 83' lang='lat' dir='ltr'><em>commendandus</em></span> <span class='ocrx_word' id='word_1_207' title='bbox 805 3548 892 3606; x_wconf 84' lang='lat' dir='ltr'><em>puero</em></span> <span class='ocrx_word' id='word_1_208' title='bbox 915 3528 960 3587; x_wconf 84' lang='lat' dir='ltr'><em>iili</em></span> 
     </span>
     <span class='ocr_line' id='line_1_30' title="bbox 267 3545 961 3686; baseline 0.019 -31"><span class='ocrx_word' id='word_1_209' title='bbox 267 3600 370 3677; x_wconf 79' lang='lat' dir='ltr'><em>fieerirn</em></span> <span class='ocrx_word' id='word_1_210' title='bbox 387 3605 402 3656; x_wconf 69' lang='grc' dir='ltr'><em>,ἓ</em></span> <span class='ocrx_word' id='word_1_211' title='bbox 420 3545 472 3663; x_wconf 52' lang='grc' dir='ltr'><em>ὧι·</em></span> <span class='ocrx_word' id='word_1_212' title='bbox 491 3607 559 3683; x_wconf 84' lang='lat' dir='ltr'><em>quid</em></span> <span class='ocrx_word' id='word_1_213' title='bbox 573 3606 634 3686; x_wconf 82' lang='lat' dir='ltr'><em>ogis</em></span> <span class='ocrx_word' id='word_1_214' title='bbox 650 3605 757 3685; x_wconf 79' lang='lat' dir='ltr'><em>gratias</em></span> <span class='ocrx_word' id='word_1_215' title='bbox 767 3649 779 3675; x_wconf 90' lang='lat'>,</span> <span class='ocrx_word' id='word_1_216' title='bbox 797 3609 844 3680; x_wconf 87' lang='lat' dir='ltr'><em>si,</em></span> <span class='ocrx_word' id='word_1_217' title='bbox 867 3626 899 3667; x_wconf 83' lang='lat' dir='ltr'><em>ut</em></span> <span class='ocrx_word' id='word_1_218' title='bbox 911 3630 961 3667; x_wconf 85' lang='lat' dir='ltr'><em>nos</em></span> 
     </span>
     <span class='ocr_line' id='line_1_31' title="bbox 267 3679 962 3771; baseline 0.017 -36"><span class='ocrx_word' id='word_1_219' title='bbox 267 3679 366 3755; x_wconf 78' lang='lat' dir='ltr'><em>salvos</em></span> <span class='ocrx_word' id='word_1_220' title='bbox 381 3680 430 3758; x_wconf 82' lang='lat' dir='ltr'><em>effe</em></span> <span class='ocrx_word' id='word_1_221' title='bbox 444 3687 511 3745; x_wconf 81' lang='lat' dir='ltr'><em>velit</em></span> <span class='ocrx_word' id='word_1_222' title='bbox 531 3686 716 3767; x_wconf 66' lang='lat' dir='ltr'><em>(operiatur,</em></span> <span class='ocrx_word' id='word_1_223' title='bbox 735 3690 886 3766; x_wconf 80' lang='lat' dir='ltr'><em>rogandum</em></span> <span class='ocrx_word' id='word_1_224' title='bbox 903 3710 962 3771; x_wconf 88' lang='lat' dir='ltr'><em>pu·</em></span> 
     </span>
     <span class='ocr_line' id='line_1_32' title="bbox 272 3759 960 3847; baseline 0.013 -25"><span class='ocrx_word' id='word_1_225' title='bbox 272 3773 317 3816; x_wconf 75' lang='lat' dir='ltr'><em>tas</em></span> <span class='ocrx_word' id='word_1_226' title='bbox 334 3759 352 3815; x_wconf 88' lang='lat'><em>?</em></span> <span class='ocrx_word' id='word_1_227' title='bbox 367 3762 414 3823; x_wconf 83' lang='lat' dir='ltr'><em>An</em></span> <span class='ocrx_word' id='word_1_228' title='bbox 436 3766 487 3825; x_wconf 79' lang='lat' dir='ltr'><em>hoc</em></span> <span class='ocrx_word' id='word_1_229' title='bbox 502 3787 555 3847; x_wconf 92' lang='lat' dir='ltr'><em>pro</em></span> <span class='ocrx_word' id='word_1_230' title='bbox 579 3766 706 3845; x_wconf 83' lang='lat' dir='ltr'><em>beneficio</em></span> <span class='ocrx_word' id='word_1_231' title='bbox 732 3766 960 3845; x_wconf 68' lang='lat' dir='ltr'><em>cjlhoiendm,</em></span> 
     </span>
    </p>
   </div>
   <div class='ocr_carea' id='block_1_3' title="bbox 252 4151 371 4257">
    <p class='ocr_par' dir='ltr' id='par_1_3' title="bbox 252 4151 371 4257">
     <span class='ocr_line' id='line_1_33' title="bbox 252 4151 371 4257; baseline 0 0"><span class='ocrx_word' id='word_1_232' title='bbox 252 4151 371 4257; x_wconf 57' lang='grc' dir='ltr'>ἢ</span> 
     </span>
    </p>
   </div>
   <div class='ocr_carea' id='block_1_4' title="bbox 0 0 1242 5492">
    <p class='ocr_par' dir='ltr' id='par_1_4' title="bbox 0 0 1242 5492">
     <span class='ocr_line' id='line_1_34' title="bbox 0 0 1242 5492; baseline 0 0"><span class='ocrx_word' id='word_1_233' title='bbox 0 0 1242 5492; x_wconf 95' lang='lat' dir='ltr'><em> </em></span> 
     </span>
    </p>
   </div>
  </div>
 </body>
</html>
