2409 5492
337 1251 411 1326 ¹42
485 1232 862 1300 Errrrornnrrrr

329 1346 417 1413 ¹eausa
437 1345 511 1406 hanc
529 1368 547 1405 a
563 1366 611 1406 me
630 1347 943 1407 commemorationem
961 1344 1016 1411 effe
1052 1366 1054 1401 ÷

328 1426 446 1494 fastam.
463 1423 504 1487 C.
526 1425 616 1487 Ateio
636 1423 783 1506 Capitone
803 1444 870 1486 utor
889 1426 1017 1487 familie·
1051 1448 1054 1485 ι

329 1506 454 1570 tissime.
482 1504 567 1567 Notae
591 1506 645 1566 tibi
664 1505 727 1565 sum
748 1508 905 1567 varietates
929 1526 1017 1569 meo-
1050 1532 1054 1563 ι

330 1608 399 1649 rum
423 1604 609 1667 temporum:
631 1588 661 1644 in
683 1587 763 1645 omni
781 1604 887 1667 genere
910 1586 944 1646 &
963 1588 1017 1649 iro·
1050 1610 1054 1645 ι

329 1688 459 1743 norum,
477 1670 509 1727 &
525 1667 658 1727 laborum
674 1685 822 1740 meorum,
836 1667 870 1726 &
883 1669 1016 1743 unimus,
1050 1690 1054 1727 ι

332 1748 369 1807 &
390 1769 409 1807 o
433 1768 504 1822 era,
521 1748 553 1807 tu
568 1744 741 1819 audoritas,
756 1746 789 1805 &
805 1749 917 1829 gratia,
932 1749 1016 1811 etim
1052 1750 1054 1811 ζ

331 1848 382 1901 res
402 1770 547 1889 dmiliaris
571 1827 609 1889 C.
635 1825 788 1906 Capitonis
809 1826 914 1907 praesto
935 1827 1018 1905 fuit,
1050 1852 1054 1891 ι

331 1909 370 1969 ὃ(
383 1912 476 1988 patuit
490 1909 522 1968 &
538 1907 735 1988 temporibus,
748 1906 781 1967 &
795 1905 921 1969 fortunae
932 1916 1015 1973 meae'.
1051 1934 1054 1971 :

335 1988 431 2067 Hujus
446 1991 632 2129 propinquus
654 1986 708 2047 fuit
728 1982 770 2047 T.
790 1987 956 2059 Antistius;¹
968 1990 1017 2071 qui
1052 2030 1054 2049 .

329 2090 427 2151 quum
458 2086 520 2129 otte
540 2066 662 2149 quaestor
681 2068 888 2129 Macedoniam
906 2068 1017 2131 obtine·
1046 2082 1054 2107 ⁷

332 2166 403 2222 tet,
419 2168 514 2230 neque
533 2151 562 2208 ei
582 2140 735 2209 succeffum
749 2147 842 2223 effer,
860 2148 1017 2230 Pompeius

333 2226 366 2289 in
392 2247 457 2288 eam
479 2230 659 2309 provinciam
685 2249 752 2293 cum
779 2232 909 2291 exercitu
928 2232 1020 2301 venit.

237 2302 240 2309 ’
331 2306 441 2377 Facere
459 2306 595 2369 Antistius
612 2308 681 2368 nihil
702 2312 813 2389 potuit:
832 2330 901 2371 nam
920 2312 948 2371 si
960 2330 1019 2391 po·

332 2386 455 2464 tuiffet‚
481 2389 551 2449 nihil
569 2392 597 2449 ei
617 2386 710 2449 fuiffet
729 2392 872 2471 antiquius
891 2435 902 2465 ‚
923 2390 1019 2473 quim

330 2464 374 2537 ,hd
396 2466 597 2551 Capitonem,
616 2489 704 2552 quem
725 2487 756 2529 ut
774 2486 929 2551 parentem
950 2470 1021 2543 diliq

332 2550 449 2635 gebat,
467 2553 595 2624 reverti3
619 2549 775 2631 prasertim
795 2572 886 2632 quum
904 2550 991 2613 sciret
1005 2594 1021 2627 ‚

330 2633 434 2773 puami
459 2633 485 2693 is
515 2628 659 2693 Caesarem
685 2628 822 2705 faceret,
848 2630 1021 2713 semperque

349 2709 455 2772 ecisset.
478 2709 537 2771 Sed
558 2708 706 2793 oppressus
725 2728 836 2771 tantum
852 2714 948 2794 attigit
964 2732 1022 2775 ne*

330 2793 422 2872 gorii,
434 2805 572 2872 quantum
586 2791 715 2852 recusare
725 2812 786 2852 non
797 2793 902 2873 potuit.
914 2792 1021 2872 Quum

331 2874 493 2951 signaretur
505 2890 656 2952 argentum
670 2871 859 2952 Apolloniae,
874 2893 936 2937 non
972 2872 1021 2933 os·

333 2949 397 3009 sum
414 2949 509 3011 dicere
525 2971 593 3012 eum
610 2951 772 3033 praefuisse,
790 2972 886 3033 neque
904 2894 1020 3032 pedum

332 3048 440 3113 negare
468 3029 574 3091 affuiffe
594 3076 604 3102 ,
628 3031 678 3092 sed
706 3055 768 3092 non
792 3034 857 3113 plus
878 3031 993 3094 duobus

332 3126 383 3171 aut
399 3109 488 3171 trihus
504 3112 662 3173 mensibus.
673 3110 792 3173 Deinde
813 3110 905 3174 abfuit
922 3135 942 3173 a
956 3078 1021 3175 cas!

333 3193 410 3251 tris:
435 3190 508 3274 fugit
534 3212 622 3253 omne
643 3197 804 3273 negotium.
828 3194 898 3253 Hoc
920 3194 1019 3271 mihi,

330 3289 366 3331 ut
386 3268 448 3331 testi
465 3316 475 3345 ‚
492 3273 581 3332 velim
602 3272 728 3333 credas:
753 3293 849 3333 meam
868 3273 946 3335 enim
966 3275 1019 3335 ille

332 3349 498 3415 moestitiam
515 3354 546 3411 in
565 3350 616 3411 illo
633 3351 712 3413 bello
735 3353 879 3427 videbat,
898 3372 1020 3415 mecum

333 3435 432 3493 omnia
457 3430 697 3491 communicabat.
724 3431 824 3513 Itaque
852 3432 967 3493 abdidit
988 3434 1019 3495 se

331 3513 365 3585 in
380 3512 512 3571 intimam
528 3510 752 3586 Macedoniam,
767 3514 826 3593 quo
842 3514 939 3592 potuit
951 3513 1019 3589 lon·

331 3592 451 3673 gissimd
469 3613 486 3650 a
505 3589 598 3650 castris
610 3636 620 3661 ,
634 3613 693 3650 non
708 3594 798 3651 modo
814 3608 846 3651 ut
866 3614 929 3653 non
945 3614 1020 3672 prae·

330 3670 405 3734 [effer
425 3670 475 3730 ulli
493 3672 633 3754 negotio,
650 3670 699 3731 sed
717 3675 804 3733 etiam
822 3690 907 3734 utne
929 3674 1020 3735 inter,

329 3748 403 3835 estet
428 3751 556 3844 quidem.
575 3749 602 3815 Is
622 3749 687 3839 post
702 3752 841 3850 proelium
859 3751 890 3817 se
906 3753 947 3832 ud
961 3754 1022 3838 hoa
