2409 5492
297 1285 359 1347 ’.ιιι
371 1276 796 1349 naturalium.
824 1280 899 1373 265

215 1409 284 1455 xv.·
300 1394 369 1454 Kal.
397 1391 557 1453 Decembr.
585 1393 615 1451 in
638 1409 754 1472 portum
776 1392 900 1474 Corcy-

213 1495 341 1536 raeorum
366 1473 405 1534 ad
428 1471 589 1552 Cassiopen
615 1470 702 1532 stadia
726 1489 803 1534 cxx.
826 1495 901 1554 pro-

214 1558 366 1616 cessimus.
391 1552 437 1613 lbi
457 1554 562 1613 retenti
582 1554 676 1612 ventis
695 1552 789 1614 sumus
810 1553 898 1635 usque

213 1635 251 1705 ad
272 1652 321 1695 lx.
340 1632 497 1693 Kalendas.
513 1630 627 1693 Interea
644 1635 694 1712 qui
711 1634 814 1714 cupide
831 1656 899 1714 pro-

213 1712 280 1775 feffi
301 1713 392 1784 sunt,
413 1713 494 1774 multi
511 1711 657 1851 naufraqia
675 1712 815 1785 fecerunt.
833 1715 898 1776 Nos

215 1813 252 1863 eo
269 1793 319 1855 die
337 1795 445 1853 coenati
458 1792 603 1856 solvimus.
634 1792 692 1854 nde
706 1792 798 1856 austro
815 1795 900 1856 lenis-

214 1877 289 1935 simo
310 1919 320 1948 ‚
349 1875 427 1934 coelo
451 1872 551 1935 sereno
572 1917 582 1946 ‚
603 1871 690 1934 noste
710 1874 780 1946 illl,
799 1875 897 1935 &die

236 1953 353 2028 ostero,
374 1956 405 2013 in
427 1952 538 2014 ltaliam
562 1951 598 2012 ad
616 1952 804 2032 Hydruntem
824 1955 901 2014 ludi·

274 2036 304 2095 di
343 2036 529 2107 ervenimus3
545 2035 709 2114 eodemque
726 2050 817 2095 vento
855 2034 902 2095 οὐ

215 2117 298 2176 tridie
314 2057 341 2195 l,
344 2115 376 2174 id
392 2133 453 2175 erat
469 2136 494 2173 a.
510 2115 540 2174 d.
552 2132 615 2174 vn.
631 2114 697 2174 Kal,
715 2055 852 2175 Decernd
866 2115 900 2197 .)

212 2195 287 2256 hori
300 2195 403 2276 quarti
416 2195 600 2255 Brundisium
615 2196 746 2254 venimus
754 2216 763 2267 ;
778 2196 899 2256 eodem-

212 2295 272 2355 que
290 2291 351 2337 uem
375 2295 425 2336 ore
441 2277 525 2335 simul
540 2274 688 2335 nobiscum
706 2278 734 2333 in
753 2277 897 2355 oppidum

214 2357 325 2417 introiit
378 2357 515 2428 erentia,
547 2376 611 2436 quae
626 2372 661 2416 -te
683 2355 751 2415 facit
773 2357 900 2436 plurimi.

214 2433 254 2497 A.
272 2435 302 2496 d
316 2455 351 2496 v.
366 2436 434 2496 Kal.
450 2434 610 2496 Decembr.
625 2434 720 2495 servus
737 2433 794 2495 Cn.
815 2435 900 2495 Plan-

214 2517 254 2574 cii
272 2514 416 2577 Brundisii
436 2517 554 2576 tandem
571 2516 725 2595 aliquando
744 2516 814 2574 mihi
834 2534 897 2576 ate

214 2594 470 2676 exspediatissimas
499 2597 608 2655 litteras
637 2594 785 2667 reddidit,
816 2595 896 2654 datas

213 2674 260 2736 Id.
293 2675 455 2738 Novembr.
485 2698 550 2757 quae
577 2694 625 2735 me
653 2673 782 2734 molestia
811 2675 897 2736 valde
920 2678 927 2685 ’

213 2756 370 2830 levarunt,
388 2760 497 2817 utinam
511 2761 632 2817 omnino
649 2753 819 2815 liberallent.
837 2754 896 2817 Sed

214 2853 315 2897 tamen
333 2836 460 2918 Asclapo
477 2838 606 2897 medicus
626 2837 710 2916 plane
726 2834 898 2911 confirmat,

212 2918 389 2999 propediem
409 2936 438 2978 te
456 2919 602 2978 valentem
624 2917 697 2978 fore.
720 2915 805 2977 Nunc
825 2919 896 2998 quid

212 3017 231 3058 e
254 3019 275 3058 o
297 3015 328 3058 te
350 2998 480 3072 horter,
506 3014 538 3057 ut
567 3018 687 3058 omnem
715 2999 895 3080 diligentiam

252 3077 351 3153 hibeas
368 3079 414 3139 ad,
424 3077 702 3139 convalescendum?
714 3077 814 3139 Tuam
828 3100 896 3158 ptu-

213 3158 373 3232 dentiam,
404 3161 651 3238 temperantiam,
676 3179 804 3218 amorem
827 3179 897 3240 erga

211 3259 265 3300 me
294 3241 393 3299 novi:
419 3239 477 3298 scio
500 3256 528 3299 te
557 3240 656 3298 omnia
680 3237 896 3310 fadurum,:'ut

212 3318 468 3399 nobiscumquim
488 3318 612 3396 primdm
635 3321 672 3379 sis
690 3337 700 3390 ;
731 3316 780 3377 sed
799 3333 896 3377 tamen

212 3401 257 3459 ita
283 3399 395 3473 velim,
418 3419 450 3458 ut
472 3417 508 3458 ne
529 3400 598 3479 quid
622 3418 772 3480 properes.
800 3397 895 3479 Sym·
926 3441 928 3445 -

212 3479 354 3560 phoniam
378 3478 499 3558 Lysonis
515 3480 624 3540 vellem
644 3477 781 3552 vitalles,
805 3492 841 3537 ne
864 3480 895 3538 in'

212 3575 347 3641 quartam
373 3560 587 3620 hebdomadam
618 3559 759 3619 incideres
783 3579 789 3615 :
819 3557 898 3632 sed,

205 3640 332 3721 quando
347 3641 452 3719 pudori
465 3660 516 3700 tuo
529 3637 648 3699 maluisti
662 3636 795 3717 obsequi,
809 3636 898 3717 qulam

203 3720 397 3794 nalemdini,
420 3722 529 3800 reliqua
547 3740 624 3779 eura.
647 3717 737 3779 Curio
761 3719 846 3793 misi,
863 3738 896 3781 ut

206 3799 332 3865 medico
356 3800 452 3861 honos
477 3801 652 3877 haberetur,
681 3798 713 3862 ὃ(
738 3798 800 3858 tibi.
814 3800 895 3861 daret

253 3885 283 3945 T
280 3903 358 3944 amus
377 3882 451 3943 XII.
752 3878 787 3939 M
