<?xml version="1.0" encoding="UTF-8"?>
<!DOCTYPE html PUBLIC "-//W3C//DTD XHTML 1.0 Transitional//EN"
    "http://www.w3.org/TR/xhtml1/DTD/xhtml1-transitional.dtd">
<html xmlns="http://www.w3.org/1999/xhtml" xml:lang="en" lang="en">
 <head>
  <title>
</title>
<meta http-equiv="Content-Type" content="text/html;charset=utf-8" />
  <meta name='ocr-system' content='tesseract 3.04.00' />
  <meta name='ocr-capabilities' content='ocr_page ocr_carea ocr_par ocr_line ocrx_word'/>
</head>
<body>
  <div class='ocr_page' id='page_1' title='image "./mtulliiciceroni09lallgoog/mtulliiciceroni09lallgoog_0106.png"; bbox 0 0 2409 5492; ppageno 0'>
   <div class='ocr_carea' id='block_1_1' title="bbox 313 1220 920 1324">
    <p class='ocr_par' dir='ltr' id='par_1_1' title="bbox 313 1220 920 1324">
     <span class='ocr_line' id='line_1_1' title="bbox 313 1220 920 1324; baseline -0.01 -20"><span class='ocrx_word' id='word_1_1' title='bbox 313 1241 396 1324; x_wconf 77' lang='lat' dir='ltr'>uo4</span> <span class='ocrx_word' id='word_1_2' title='bbox 464 1220 839 1299; x_wconf 69' lang='lat' dir='ltr'>Errsrornrtvru</span> <span class='ocrx_word' id='word_1_3' title='bbox 915 1254 920 1263; x_wconf 95' lang='lat'><strong>·</strong></span> 
     </span>
    </p>
   </div>
   <div class='ocr_carea' id='block_1_2' title="bbox 261 1338 1016 3758">
    <p class='ocr_par' dir='ltr' id='par_1_2' title="bbox 261 1338 1016 3758">
     <span class='ocr_line' id='line_1_2' title="bbox 314 1338 1007 1406; baseline 0 -1"><span class='ocrx_word' id='word_1_4' title='bbox 314 1347 388 1405; x_wconf 82' lang='lat' dir='ltr'>tiam</span> <span class='ocrx_word' id='word_1_5' title='bbox 404 1344 562 1406; x_wconf 87' lang='lat' dir='ltr'>retulerunt</span> <span class='ocrx_word' id='word_1_6' title='bbox 582 1363 589 1402; x_wconf 93' lang='lat'><strong>:</strong></span> <span class='ocrx_word' id='word_1_7' title='bbox 621 1362 690 1402; x_wconf 91' lang='lat' dir='ltr'>nam</span> <span class='ocrx_word' id='word_1_8' title='bbox 712 1344 813 1403; x_wconf 90' lang='lat' dir='ltr'>necin</span> <span class='ocrx_word' id='word_1_9' title='bbox 835 1338 1007 1405; x_wconf 69' lang='lat' dir='ltr'>honoribua&#39;</span> 
     </span>
     <span class='ocr_line' id='line_1_3' title="bbox 315 1421 1009 1499; baseline 0 -14"><span class='ocrx_word' id='word_1_10' title='bbox 315 1428 411 1499; x_wconf 80' lang='lat' dir='ltr'>meis,</span> <span class='ocrx_word' id='word_1_11' title='bbox 432 1426 487 1485; x_wconf 87' lang='lat' dir='ltr'>nec</span> <span class='ocrx_word' id='word_1_12' title='bbox 511 1427 541 1483; x_wconf 89' lang='lat' dir='ltr'>in</span> <span class='ocrx_word' id='word_1_13' title='bbox 563 1422 707 1484; x_wconf 86' lang='lat' dir='ltr'>laboribus</span> <span class='ocrx_word' id='word_1_14' title='bbox 734 1443 784 1483; x_wconf 87' lang='lat' dir='ltr'>um</span> <span class='ocrx_word' id='word_1_15' title='bbox 824 1442 872 1481; x_wconf 86' lang='lat' dir='ltr'>am</span> <span class='ocrx_word' id='word_1_16' title='bbox 893 1421 1009 1485; x_wconf 74' lang='lat' dir='ltr'>defue⁴</span> 
     </span>
     <span class='ocr_line' id='line_1_4' title="bbox 316 1444 1005 1585; baseline -0.003 -20"><span class='ocrx_word' id='word_1_17' title='bbox 316 1522 393 1565; x_wconf 83' lang='lat' dir='ltr'>runt.</span> <span class='ocrx_word' id='word_1_18' title='bbox 413 1503 491 1565; x_wconf 92' lang='lat' dir='ltr'>Cum</span> <span class='ocrx_word' id='word_1_19' title='bbox 508 1504 610 1585; x_wconf 89' lang='lat' dir='ltr'>quibus</span> <span class='ocrx_word' id='word_1_20' title='bbox 627 1505 651 1562; x_wconf 87' lang='lat' dir='ltr'>si</span> <span class='ocrx_word' id='word_1_21' title='bbox 668 1502 739 1564; x_wconf 87' lang='lat' dir='ltr'>mibi</span> <span class='ocrx_word' id='word_1_22' title='bbox 757 1444 836 1563; x_wconf 52' lang='lat' dir='ltr'>milla</span> <span class='ocrx_word' id='word_1_23' title='bbox 856 1501 941 1563; x_wconf 87' lang='lat' dir='ltr'>causa</span> <span class='ocrx_word' id='word_1_24' title='bbox 955 1505 1005 1563; x_wconf 89' lang='lat' dir='ltr'>in·</span> 
     </span>
     <span class='ocr_line' id='line_1_5' title="bbox 316 1582 1008 1663; baseline -0.001 -19"><span class='ocrx_word' id='word_1_25' title='bbox 316 1585 504 1657; x_wconf 80' lang='lat' dir='ltr'>tercederet,</span> <span class='ocrx_word' id='word_1_26' title='bbox 525 1602 648 1656; x_wconf 86' lang='lat' dir='ltr'>tamen,</span> <span class='ocrx_word' id='word_1_27' title='bbox 678 1583 758 1663; x_wconf 86' lang='lat' dir='ltr'>qubd</span> <span class='ocrx_word' id='word_1_28' title='bbox 778 1600 808 1644; x_wconf 89' lang='lat' dir='ltr'>te</span> <span class='ocrx_word' id='word_1_29' title='bbox 833 1582 1008 1645; x_wconf 77' lang='lat' dir='ltr'>vehemen-</span> 
     </span>
     <span class='ocr_line' id='line_1_6' title="bbox 315 1662 1010 1747; baseline 0.001 -23"><span class='ocrx_word' id='word_1_30' title='bbox 315 1667 427 1726; x_wconf 73' lang='lat' dir='ltr'>tissime</span> <span class='ocrx_word' id='word_1_31' title='bbox 446 1665 556 1747; x_wconf 84' lang='lat' dir='ltr'><strong>diligo,</strong></span> <span class='ocrx_word' id='word_1_32' title='bbox 577 1662 713 1744; x_wconf 79' lang='lat' dir='ltr'>qubdque</span> <span class='ocrx_word' id='word_1_33' title='bbox 731 1682 781 1723; x_wconf 80' lang='lat' dir='ltr'>me</span> <span class='ocrx_word' id='word_1_34' title='bbox 799 1685 816 1724; x_wconf 87' lang='lat' dir='ltr'>a</span> <span class='ocrx_word' id='word_1_35' title='bbox 834 1679 864 1724; x_wconf 86' lang='lat' dir='ltr'>te</span> <span class='ocrx_word' id='word_1_36' title='bbox 884 1664 1010 1744; x_wconf 75' lang='lat' dir='ltr'>plurimi</span> 
     </span>
     <span class='ocr_line' id='line_1_7' title="bbox 316 1741 1009 1819; baseline 0.001 -15"><span class='ocrx_word' id='word_1_37' title='bbox 316 1741 382 1804; x_wconf 82' lang='lat' dir='ltr'>fieri</span> <span class='ocrx_word' id='word_1_38' title='bbox 400 1743 514 1818; x_wconf 87' lang='lat' dir='ltr'>sentio,</span> <span class='ocrx_word' id='word_1_39' title='bbox 529 1744 561 1805; x_wconf 76' lang='grc' dir='ltr'>δι</span> <span class='ocrx_word' id='word_1_40' title='bbox 582 1763 734 1804; x_wconf 87' lang='lat' dir='ltr'>monerem</span> <span class='ocrx_word' id='word_1_41' title='bbox 754 1760 784 1803; x_wconf 89' lang='lat' dir='ltr'>te</span> <span class='ocrx_word' id='word_1_42' title='bbox 806 1743 838 1804; x_wconf 72' lang='grc' dir='ltr'><strong>ἃ</strong></span> <span class='ocrx_word' id='word_1_43' title='bbox 853 1743 1009 1819; x_wconf 65' lang='lat' dir='ltr'>hortarer,</span> 
     </span>
     <span class='ocr_line' id='line_1_8' title="bbox 315 1823 1010 1904; baseline -0.004 -18"><span class='ocrx_word' id='word_1_44' title='bbox 315 1842 350 1885; x_wconf 79' lang='lat' dir='ltr'>ut</span> <span class='ocrx_word' id='word_1_45' title='bbox 370 1845 474 1886; x_wconf 90' lang='lat' dir='ltr'>eorum</span> <span class='ocrx_word' id='word_1_46' title='bbox 495 1824 617 1885; x_wconf 84' lang='lat' dir='ltr'>fortunis</span> <span class='ocrx_word' id='word_1_47' title='bbox 636 1823 825 1896; x_wconf 84' lang='lat' dir='ltr'><strong>consuleres,</strong></span> <span class='ocrx_word' id='word_1_48' title='bbox 845 1823 1010 1904; x_wconf 71' lang='lat' dir='ltr'>prasertim</span> 
     </span>
     <span class='ocr_line' id='line_1_9' title="bbox 319 1902 1006 1988; baseline 0.001 -21"><span class='ocrx_word' id='word_1_49' title='bbox 319 1924 412 1986; x_wconf 88' lang='lat' dir='ltr'>quum</span> <span class='ocrx_word' id='word_1_50' title='bbox 427 1906 522 1988; x_wconf 71' lang='lat' dir='ltr'>prope</span> <span class='ocrx_word' id='word_1_51' title='bbox 539 1907 716 1986; x_wconf 88' lang='lat' dir='ltr'>praecipuam</span> <span class='ocrx_word' id='word_1_52' title='bbox 733 1902 845 1964; x_wconf 84' lang='lat' dir='ltr'>causam</span> <span class='ocrx_word' id='word_1_53' title='bbox 862 1904 1006 1968; x_wconf 81' lang='lat' dir='ltr'>haberent</span> 
     </span>
     <span class='ocr_line' id='line_1_10' title="bbox 318 1978 1006 2067; baseline 0.001 -21"><span class='ocrx_word' id='word_1_54' title='bbox 318 1978 359 2046; x_wconf 77' lang='lat' dir='ltr'>ad</span> <span class='ocrx_word' id='word_1_55' title='bbox 378 1984 422 2067; x_wconf 81' lang='lat' dir='ltr'>jus</span> <span class='ocrx_word' id='word_1_56' title='bbox 437 1986 646 2047; x_wconf 88' lang='lat' dir='ltr'>obtinendum:</span> <span class='ocrx_word' id='word_1_57' title='bbox 666 1987 813 2065; x_wconf 78' lang='lat' dir='ltr'>primum,</span> <span class='ocrx_word' id='word_1_58' title='bbox 833 1984 915 2066; x_wconf 86' lang='lat' dir='ltr'>qubd</span> <span class='ocrx_word' id='word_1_59' title='bbox 933 1984 1006 2047; x_wconf 79' lang='lat' dir='ltr'>Sur-</span> 
     </span>
     <span class='ocr_line' id='line_1_11' title="bbox 317 2064 1007 2147; baseline 0 -20"><span class='ocrx_word' id='word_1_60' title='bbox 317 2066 379 2127; x_wconf 88' lang='lat' dir='ltr'>lani</span> <span class='ocrx_word' id='word_1_61' title='bbox 399 2069 539 2147; x_wconf 86' lang='lat' dir='ltr'>temporis</span> <span class='ocrx_word' id='word_1_62' title='bbox 561 2066 773 2140; x_wconf 82' lang='lat' dir='ltr'>acerbitatem,</span> <span class='ocrx_word' id='word_1_63' title='bbox 798 2064 922 2126; x_wconf 90' lang='lat' dir='ltr'>deorum</span> <span class='ocrx_word' id='word_1_64' title='bbox 943 2068 1007 2127; x_wconf 88' lang='lat' dir='ltr'>im·</span> 
     </span>
     <span class='ocr_line' id='line_1_12' title="bbox 319 2145 1012 2237; baseline 0 -30"><span class='ocrx_word' id='word_1_65' title='bbox 319 2148 487 2207; x_wconf 85' lang='lat' dir='ltr'>mortalium</span> <span class='ocrx_word' id='word_1_66' title='bbox 523 2146 699 2228; x_wconf 83' lang='lat' dir='ltr'>benignitate</span> <span class='ocrx_word' id='word_1_67' title='bbox 736 2145 968 2228; x_wconf 86' lang='lat' dir='ltr'>subterfugerunt</span> <span class='ocrx_word' id='word_1_68' title='bbox 994 2166 1012 2237; x_wconf 51' lang='grc' dir='ltr'>ᾗ</span> 
     </span>
     <span class='ocr_line' id='line_1_13' title="bbox 320 2224 1007 2308; baseline 0.003 -23"><span class='ocrx_word' id='word_1_69' title='bbox 320 2225 450 2303; x_wconf 88' lang='lat' dir='ltr'>deinde,</span> <span class='ocrx_word' id='word_1_70' title='bbox 470 2228 550 2308; x_wconf 84' lang='lat' dir='ltr'>qubd</span> <span class='ocrx_word' id='word_1_71' title='bbox 573 2226 686 2288; x_wconf 89' lang='lat' dir='ltr'>summo</span> <span class='ocrx_word' id='word_1_72' title='bbox 708 2224 802 2287; x_wconf 90' lang='lat' dir='ltr'>studio</span> <span class='ocrx_word' id='word_1_73' title='bbox 822 2227 926 2308; x_wconf 89' lang='lat' dir='ltr'>populi</span> <span class='ocrx_word' id='word_1_74' title='bbox 940 2226 1007 2289; x_wconf 76' lang='lat' dir='ltr'>Ro·</span> 
     </span>
     <span class='ocr_line' id='line_1_14' title="bbox 321 2306 1008 2369; baseline 0.004 -3"><span class='ocrx_word' id='word_1_75' title='bbox 321 2311 401 2367; x_wconf 86' lang='lat' dir='ltr'>mani</span> <span class='ocrx_word' id='word_1_76' title='bbox 430 2329 448 2366; x_wconf 90' lang='lat' dir='ltr'>a</span> <span class='ocrx_word' id='word_1_77' title='bbox 479 2327 529 2369; x_wconf 76' lang='lat' dir='ltr'>me</span> <span class='ocrx_word' id='word_1_78' title='bbox 558 2309 587 2367; x_wconf 90' lang='lat' dir='ltr'>in</span> <span class='ocrx_word' id='word_1_79' title='bbox 616 2306 765 2368; x_wconf 78' lang='lat' dir='ltr'>consulatu</span> <span class='ocrx_word' id='word_1_80' title='bbox 791 2327 859 2368; x_wconf 87' lang='lat' dir='ltr'>tneo</span> <span class='ocrx_word' id='word_1_81' title='bbox 891 2306 1008 2369; x_wconf 68' lang='lat' dir='ltr'>defensi</span> 
     </span>
     <span class='ocr_line' id='line_1_15' title="bbox 321 2386 1009 2471; baseline -0.001 -23"><span class='ocrx_word' id='word_1_82' title='bbox 321 2386 397 2448; x_wconf 85' lang='lat' dir='ltr'>sunt.</span> <span class='ocrx_word' id='word_1_83' title='bbox 418 2387 523 2468; x_wconf 87' lang='lat' dir='ltr'>Quum</span> <span class='ocrx_word' id='word_1_84' title='bbox 541 2388 755 2470; x_wconf 86' lang='lat' dir='ltr'>tribuniplebis</span> <span class='ocrx_word' id='word_1_85' title='bbox 773 2388 869 2470; x_wconf 90' lang='lat' dir='ltr'>legem</span> <span class='ocrx_word' id='word_1_86' title='bbox 889 2390 1009 2471; x_wconf 78' lang='lat' dir='ltr'>iniquis-</span> 
     </span>
     <span class='ocr_line' id='line_1_16' title="bbox 322 2466 1009 2551; baseline 0.004 -23"><span class='ocrx_word' id='word_1_87' title='bbox 322 2470 428 2529; x_wconf 82' lang='lat' dir='ltr'>simam</span> <span class='ocrx_word' id='word_1_88' title='bbox 451 2470 487 2531; x_wconf 91' lang='lat' dir='ltr'>de</span> <span class='ocrx_word' id='word_1_89' title='bbox 508 2490 611 2530; x_wconf 88' lang='lat' dir='ltr'>eorum</span> <span class='ocrx_word' id='word_1_90' title='bbox 630 2471 704 2528; x_wconf 73' lang='lat' dir='ltr'>auris</span> <span class='ocrx_word' id='word_1_91' title='bbox 723 2466 1009 2551; x_wconf 81' lang='lat' dir='ltr'>promulgaviffent3</span> 
     </span>
     <span class='ocr_line' id='line_1_17' title="bbox 321 2518 1008 2635; baseline 0.004 -27"><span class='ocrx_word' id='word_1_92' title='bbox 321 2547 408 2609; x_wconf 76' lang='lat' dir='ltr'>facile</span> <span class='ocrx_word' id='word_1_93' title='bbox 440 2548 548 2612; x_wconf 86' lang='lat' dir='ltr'>senatui</span> <span class='ocrx_word' id='word_1_94' title='bbox 572 2518 743 2631; x_wconf 64' lang='lat' dir='ltr'>poprffo‘que</span> <span class='ocrx_word' id='word_1_95' title='bbox 775 2547 913 2611; x_wconf 86' lang='lat' dir='ltr'>Romano</span> <span class='ocrx_word' id='word_1_96' title='bbox 937 2571 1008 2635; x_wconf 85' lang='lat' dir='ltr'>per-</span> 
     </span>
     <span class='ocr_line' id='line_1_18' title="bbox 321 2628 1016 2711; baseline 0.004 -22"><span class='ocrx_word' id='word_1_97' title='bbox 321 2628 420 2704; x_wconf 81' lang='lat' dir='ltr'>suasi,</span> <span class='ocrx_word' id='word_1_98' title='bbox 442 2649 475 2692; x_wconf 92' lang='lat' dir='ltr'>ut</span> <span class='ocrx_word' id='word_1_99' title='bbox 496 2652 548 2692; x_wconf 86' lang='lat' dir='ltr'>eos</span> <span class='ocrx_word' id='word_1_100' title='bbox 567 2633 668 2702; x_wconf 89' lang='lat' dir='ltr'>cives,</span> <span class='ocrx_word' id='word_1_101' title='bbox 694 2630 797 2711; x_wconf 89' lang='lat' dir='ltr'>quibus</span> <span class='ocrx_word' id='word_1_102' title='bbox 814 2629 930 2691; x_wconf 78' lang='lat' dir='ltr'>fortuna</span> <span class='ocrx_word' id='word_1_103' title='bbox 951 2629 1016 2711; x_wconf 74' lang='lat' dir='ltr'>pe·&#39;&#39;</span> 
     </span>
     <span class='ocr_line' id='line_1_19' title="bbox 320 2708 1012 2793; baseline 0.003 -23"><span class='ocrx_word' id='word_1_104' title='bbox 320 2710 475 2791; x_wconf 87' lang='lat' dir='ltr'>perciffet‚</span> <span class='ocrx_word' id='word_1_105' title='bbox 494 2712 588 2772; x_wconf 86' lang='lat' dir='ltr'>salvos</span> <span class='ocrx_word' id='word_1_106' title='bbox 607 2709 665 2772; x_wconf 87' lang='lat' dir='ltr'>elle</span> <span class='ocrx_word' id='word_1_107' title='bbox 680 2712 799 2771; x_wconf 83' lang='lat' dir='ltr'>vellent.</span> <span class='ocrx_word' id='word_1_108' title='bbox 820 2710 903 2793; x_wconf 77' lang='lat' dir='ltr'>Hanc</span> <span class='ocrx_word' id='word_1_109' title='bbox 918 2708 1012 2772; x_wconf 63' lang='lat' dir='ltr'>attio·</span> 
     </span>
     <span class='ocr_line' id='line_1_20' title="bbox 322 2789 1009 2872; baseline 0.003 -22"><span class='ocrx_word' id='word_1_110' title='bbox 322 2808 393 2850; x_wconf 83' lang='lat' dir='ltr'>nem</span> <span class='ocrx_word' id='word_1_111' title='bbox 413 2812 509 2851; x_wconf 87' lang='lat' dir='ltr'>meam</span> <span class='ocrx_word' id='word_1_112' title='bbox 536 2790 573 2852; x_wconf 85' lang='lat' dir='ltr'>C.</span> <span class='ocrx_word' id='word_1_113' title='bbox 595 2789 689 2851; x_wconf 82' lang='lat' dir='ltr'>Caesar</span> <span class='ocrx_word' id='word_1_114' title='bbox 714 2795 809 2872; x_wconf 87' lang='lat' dir='ltr'>primo</span> <span class='ocrx_word' id='word_1_115' title='bbox 833 2791 884 2852; x_wconf 91' lang='lat' dir='ltr'>suo</span> <span class='ocrx_word' id='word_1_116' title='bbox 903 2790 1009 2852; x_wconf 85' lang='lat' dir='ltr'>consu-</span> 
     </span>
     <span class='ocr_line' id='line_1_21' title="bbox 320 2870 1010 2954; baseline 0.007 -26"><span class='ocrx_word' id='word_1_117' title='bbox 320 2870 384 2928; x_wconf 89' lang='lat' dir='ltr'>latu</span> <span class='ocrx_word' id='word_1_118' title='bbox 398 2873 427 2928; x_wconf 93' lang='lat' dir='ltr'>in</span> <span class='ocrx_word' id='word_1_119' title='bbox 444 2872 506 2951; x_wconf 88' lang='lat' dir='ltr'>lege</span> <span class='ocrx_word' id='word_1_120' title='bbox 525 2871 646 2952; x_wconf 81' lang='lat' dir='ltr'>Agraria</span> <span class='ocrx_word' id='word_1_121' title='bbox 662 2873 881 2952; x_wconf 87' lang='lat' dir='ltr'>comprobavit,</span> <span class='ocrx_word' id='word_1_122' title='bbox 893 2893 1010 2954; x_wconf 84' lang='lat' dir='ltr'>agrum-</span> 
     </span>
     <span class='ocr_line' id='line_1_22' title="bbox 261 2950 1008 3032; baseline 0.007 -24"><span class='ocrx_word' id='word_1_123' title='bbox 261 2988 264 2994; x_wconf 79' lang='lat'>·</span> <span class='ocrx_word' id='word_1_124' title='bbox 324 2969 383 3029; x_wconf 87' lang='lat' dir='ltr'>que</span> <span class='ocrx_word' id='word_1_125' title='bbox 413 2950 664 3026; x_wconf 79' lang='lat' dir='ltr'>Volaterranum,</span> <span class='ocrx_word' id='word_1_126' title='bbox 690 2953 722 3012; x_wconf 75' lang='lat' dir='ltr'>bc</span> <span class='ocrx_word' id='word_1_127' title='bbox 752 2953 894 3032; x_wconf 89' lang='lat' dir='ltr'>oppidum</span> <span class='ocrx_word' id='word_1_128' title='bbox 924 2955 1008 3015; x_wconf 73' lang='lat' dir='ltr'>omui</span> 
     </span>
     <span class='ocr_line' id='line_1_23' title="bbox 323 3031 1008 3112; baseline 0.012 -26"><span class='ocrx_word' id='word_1_129' title='bbox 323 3031 455 3108; x_wconf 89' lang='lat' dir='ltr'>periculo</span> <span class='ocrx_word' id='word_1_130' title='bbox 477 3035 506 3091; x_wconf 90' lang='lat' dir='ltr'>in</span> <span class='ocrx_word' id='word_1_131' title='bbox 526 3052 698 3112; x_wconf 78' lang='lat' dir='ltr'>perpetuum</span> <span class='ocrx_word' id='word_1_132' title='bbox 718 3033 849 3094; x_wconf 85' lang='lat' dir='ltr'>liberavit</span> <span class='ocrx_word' id='word_1_133' title='bbox 860 3053 870 3106; x_wconf 92' lang='lat'>;</span> <span class='ocrx_word' id='word_1_134' title='bbox 890 3050 922 3093; x_wconf 91' lang='lat' dir='ltr'>ut</span> <span class='ocrx_word' id='word_1_135' title='bbox 936 3033 1008 3094; x_wconf 84' lang='lat' dir='ltr'>milri</span> 
     </span>
     <span class='ocr_line' id='line_1_24' title="bbox 323 3108 1009 3194; baseline 0.009 -26"><span class='ocrx_word' id='word_1_136' title='bbox 323 3108 445 3169; x_wconf 86' lang='lat' dir='ltr'>dubium</span> <span class='ocrx_word' id='word_1_137' title='bbox 466 3135 526 3172; x_wconf 93' lang='lat' dir='ltr'>non</span> <span class='ocrx_word' id='word_1_138' title='bbox 548 3116 602 3184; x_wconf 88' lang='lat' dir='ltr'>sit,</span> <span class='ocrx_word' id='word_1_139' title='bbox 626 3115 695 3194; x_wconf 91' lang='lat' dir='ltr'>quin</span> <span class='ocrx_word' id='word_1_140' title='bbox 711 3116 753 3184; x_wconf 83' lang='lat' dir='ltr'>is,</span> <span class='ocrx_word' id='word_1_141' title='bbox 774 3118 821 3194; x_wconf 92' lang='lat' dir='ltr'>qui</span> <span class='ocrx_word' id='word_1_142' title='bbox 844 3135 935 3175; x_wconf 87' lang='lat' dir='ltr'>novas</span> <span class='ocrx_word' id='word_1_143' title='bbox 954 3134 1009 3174; x_wconf 86' lang='lat' dir='ltr'>ne·</span> 
     </span>
     <span class='ocr_line' id='line_1_25' title="bbox 325 3190 1010 3274; baseline 0.01 -26"><span class='ocrx_word' id='word_1_144' title='bbox 325 3190 513 3254; x_wconf 85' lang='lat' dir='ltr'>cessitu&#39;dines</span> <span class='ocrx_word' id='word_1_145' title='bbox 535 3192 691 3274; x_wconf 77' lang='lat' dir='ltr'>adjungat,</span> <span class='ocrx_word' id='word_1_146' title='bbox 712 3211 812 3253; x_wconf 84' lang='lat' dir='ltr'>vetera</span> <span class='ocrx_word' id='word_1_147' title='bbox 828 3193 876 3252; x_wconf 87' lang='lat' dir='ltr'>sua</span> <span class='ocrx_word' id='word_1_148' title='bbox 893 3193 1010 3255; x_wconf 78' lang='lat' dir='ltr'>benefi-</span> 
     </span>
     <span class='ocr_line' id='line_1_26' title="bbox 326 3272 1009 3352; baseline 0.012 -24"><span class='ocrx_word' id='word_1_149' title='bbox 326 3273 371 3329; x_wconf 83' lang='lat' dir='ltr'>cia</span> <span class='ocrx_word' id='word_1_150' title='bbox 388 3273 550 3333; x_wconf 84' lang='lat' dir='ltr'>conservari</span> <span class='ocrx_word' id='word_1_151' title='bbox 567 3273 648 3335; x_wconf 86' lang='lat' dir='ltr'>velit.</span> <span class='ocrx_word' id='word_1_152' title='bbox 673 3272 877 3352; x_wconf 87' lang='lat' dir='ltr'>Quamobrem</span> <span class='ocrx_word' id='word_1_153' title='bbox 896 3275 937 3335; x_wconf 91' lang='lat' dir='ltr'>est</span> <span class='ocrx_word' id='word_1_154' title='bbox 952 3292 1009 3336; x_wconf 77' lang='lat' dir='ltr'>tuae</span> 
     </span>
     <span class='ocr_line' id='line_1_27' title="bbox 323 3351 1008 3433; baseline 0.007 -24"><span class='ocrx_word' id='word_1_155' title='bbox 323 3353 511 3433; x_wconf 85' lang='lat' dir='ltr'>prudentiae,</span> <span class='ocrx_word' id='word_1_156' title='bbox 539 3372 586 3414; x_wconf 88' lang='lat' dir='ltr'>aut</span> <span class='ocrx_word' id='word_1_157' title='bbox 607 3353 685 3433; x_wconf 92' lang='lat' dir='ltr'>sequi</span> <span class='ocrx_word' id='word_1_158' title='bbox 703 3351 764 3431; x_wconf 82' lang='lat' dir='ltr'>ejus</span> <span class='ocrx_word' id='word_1_159' title='bbox 789 3353 1008 3430; x_wconf 65' lang='lat' dir='ltr'>nulloritatem,</span> 
     </span>
     <span class='ocr_line' id='line_1_28' title="bbox 326 3430 1010 3514; baseline 0.009 -26"><span class='ocrx_word' id='word_1_160' title='bbox 326 3430 407 3509; x_wconf 79' lang='lat' dir='ltr'>cujus</span> <span class='ocrx_word' id='word_1_161' title='bbox 427 3433 529 3492; x_wconf 69' lang='lat' dir='ltr'>sellam</span> <span class='ocrx_word' id='word_1_162' title='bbox 546 3453 632 3514; x_wconf 87' lang='lat' dir='ltr'>atque</span> <span class='ocrx_word' id='word_1_163' title='bbox 650 3437 802 3512; x_wconf 87' lang='lat' dir='ltr'>imperium</span> <span class='ocrx_word' id='word_1_164' title='bbox 819 3435 1010 3497; x_wconf 80' lang='lat' dir='ltr'>summatum</span> 
     </span>
     <span class='ocr_line' id='line_1_29' title="bbox 326 3513 1011 3595; baseline 0.007 -25"><span class='ocrx_word' id='word_1_165' title='bbox 326 3527 377 3571; x_wconf 86' lang='lat' dir='ltr'>tua</span> <span class='ocrx_word' id='word_1_166' title='bbox 398 3513 534 3595; x_wconf 83' lang='lat' dir='ltr'>dignitate</span> <span class='ocrx_word' id='word_1_167' title='bbox 550 3514 660 3573; x_wconf 88' lang='lat' dir='ltr'>secutus</span> <span class='ocrx_word' id='word_1_168' title='bbox 679 3533 728 3585; x_wconf 91' lang='lat' dir='ltr'>es;</span> <span class='ocrx_word' id='word_1_169' title='bbox 745 3532 792 3574; x_wconf 82' lang='lat' dir='ltr'>aut</span> <span class='ocrx_word' id='word_1_170' title='bbox 812 3518 888 3575; x_wconf 65' lang='lat' dir='ltr'>certi</span> <span class='ocrx_word' id='word_1_171' title='bbox 907 3516 949 3577; x_wconf 89' lang='lat' dir='ltr'>illi</span> <span class='ocrx_word' id='word_1_172' title='bbox 967 3518 1011 3575; x_wconf 89' lang='lat' dir='ltr'>in·</span> 
     </span>
     <span class='ocr_line' id='line_1_30' title="bbox 327 3593 1014 3671; baseline 0.01 -22"><span class='ocrx_word' id='word_1_173' title='bbox 327 3607 439 3671; x_wconf 78' lang='lat' dir='ltr'>tegnam</span> <span class='ocrx_word' id='word_1_174' title='bbox 464 3614 582 3654; x_wconf 89' lang='lat' dir='ltr'>omnem</span> <span class='ocrx_word' id='word_1_175' title='bbox 610 3593 721 3652; x_wconf 88' lang='lat' dir='ltr'>causam</span> <span class='ocrx_word' id='word_1_176' title='bbox 750 3595 904 3656; x_wconf 81' lang='lat' dir='ltr'>reservare.</span> <span class='ocrx_word' id='word_1_177' title='bbox 935 3595 1014 3663; x_wconf 78' lang='lat' dir='ltr'>Illud</span> 
     </span>
     <span class='ocr_line' id='line_1_31' title="bbox 328 3673 1013 3758; baseline 0.006 -26"><span class='ocrx_word' id='word_1_178' title='bbox 328 3673 400 3732; x_wconf 80' lang='lat' dir='ltr'>verb</span> <span class='ocrx_word' id='word_1_179' title='bbox 416 3674 543 3735; x_wconf 88' lang='lat' dir='ltr'>dubitare</span> <span class='ocrx_word' id='word_1_180' title='bbox 556 3697 617 3733; x_wconf 93' lang='lat' dir='ltr'>non</span> <span class='ocrx_word' id='word_1_181' title='bbox 631 3674 738 3746; x_wconf 86' lang='lat' dir='ltr'>debes,</span> <span class='ocrx_word' id='word_1_182' title='bbox 752 3679 820 3754; x_wconf 90' lang='lat' dir='ltr'>quin</span> <span class='ocrx_word' id='word_1_183' title='bbox 834 3694 892 3735; x_wconf 90' lang='lat' dir='ltr'>tam</span> <span class='ocrx_word' id='word_1_184' title='bbox 905 3696 1013 3758; x_wconf 79' lang='lat' dir='ltr'>gravo,</span> 
     </span>
    </p>
   </div>
   <div class='ocr_carea' id='block_1_3' title="bbox 328 3751 1013 3845">
    <p class='ocr_par' dir='ltr' id='par_1_3' title="bbox 328 3751 1013 3845">
     <span class='ocr_line' id='line_1_32' title="bbox 328 3751 1013 3845; baseline 0.022 -33"><span class='ocrx_word' id='word_1_185' title='bbox 328 3763 391 3845; x_wconf 72' lang='lat' dir='ltr'>tarn</span> <span class='ocrx_word' id='word_1_186' title='bbox 410 3751 547 3833; x_wconf 82' lang='lat' dir='ltr'>firmum,</span> <span class='ocrx_word' id='word_1_187' title='bbox 568 3774 628 3819; x_wconf 82' lang='lat' dir='ltr'>tarn</span> <span class='ocrx_word' id='word_1_188' title='bbox 650 3752 802 3823; x_wconf 87' lang='lat' dir='ltr'>honestum</span> <span class='ocrx_word' id='word_1_189' title='bbox 822 3759 1013 3841; x_wconf 74' lang='lat' dir='ltr'>municipium</span> 
     </span>
    </p>
   </div>
   <div class='ocr_carea' id='block_1_4' title="bbox 0 0 1235 5492">
    <p class='ocr_par' dir='ltr' id='par_1_4' title="bbox 0 0 1235 5492">
     <span class='ocr_line' id='line_1_33' title="bbox 0 0 1235 5492; baseline 0 0"><span class='ocrx_word' id='word_1_190' title='bbox 0 0 1235 5492; x_wconf 95' lang='lat' dir='ltr'> </span> 
     </span>
    </p>
   </div>
  </div>
 </body>
</html>
