2409 5492
281 1265 342 1318 nn
359 1247 401 1340 Q.
415 1249 613 1317 anrnarr
627 1249 791 1319 Irnlll.
817 1268 888 1345 373

209 1361 329 1426 Caesaris
355 1363 467 1423 summo
483 1365 512 1421 in
540 1383 594 1421 nos
619 1383 716 1424 amore
736 1385 743 1423 :
762 1367 836 1425 hunc
856 1366 889 1426 δι

209 1461 239 1505 tu
259 1443 396 1516 fovebis,
412 1443 442 1501 dt
461 1464 532 1515 nos,
556 1441 779 1524 quibuscumque
800 1463 891 1526 pote-

208 1528 297 1584 rimus
308 1525 411 1594 rebus,
428 1524 606 1605 augebimus.
622 1523 671 1583 De
685 1525 845 1606 Pompeio,
857 1528 889 1587 &

208 1604 284 1664 facio
307 1604 479 1685 diligenter,
504 1608 533 1662 bt
555 1603 656 1661 faciam
677 1606 755 1685 quod
775 1628 890 1667 mones.

208 1685 302 1764 Quod
322 1686 374 1743 tibi
397 1704 462 1743 mea
481 1685 632 1763 permissio
654 1689 807 1745 mansionis
834 1707 891 1748 tuae

206 1784 287 1905 grata
304 1763 412 1837 est,·id
435 1784 493 1844 ego
510 1764 622 1823 summo
647 1785 715 1825 meo
734 1766 835 1826 dolore
860 1768 892 1827 δι

230 1845 357 1906 ε>ἱάετὶο
369 1889 378 1917 ,
391 1864 487 1903 tamen
501 1863 629 1923 exparte
642 1846 765 1925 gaudeo.
775 1845 808 1905 ln
819 1846 893 1927 Hip·

209 1925 360 2005 podamis,
384 1926 414 1983 ὅ(
438 1927 586 1985 nonnullis'
607 1925 668 1984 aliis
696 1925 892 2001 arcessendis,

209 2005 279 2086 quid
305 2007 434 2086 cogites,
451 2027 511 2064 non
537 2006 688 2086 intelligo:
709 2026 798 2066 nemo
819 2005 893 2067 illo·

209 2106 274 2145 rum
285 2083 347 2155 esi,
366 2086 434 2164 quin
447 2086 498 2143 abs
511 2104 538 2144 te
557 2108 682 2158 munus,
697 2085 779 2146 fundi
791 2086 894 2147 subur·

209 2166 277 2225 bani
305 2163 416 2235 instar,
444 2164 596 2246 exspeslet.
622 2165 791 2226 Trebatium
820 2168 893 2228 verb

208 2266 309 2306 meum
344 2245 404 2305 ubd
421 2245 474 2306 islo
488 2246 659 2315 admisceas,
680 2248 749 2306 nihil
760 2246 800 2308 est
813 2267 851 2307 :e
872 2269 893 2310 o

210 2326 292 2385 illum
310 2266 348 2385 ad
364 2323 506 2386 Caesarem
523 2329 608 2401 misi,
625 2328 673 2406 qui
693 2329 761 2386 mihi
775 2326 832 2404 jam
850 2269 894 2388 ste

209 2405 340 2467 tisfecit:
358 2409 380 2464 si
400 2408 456 2486 ipsi
473 2409 590 2478 minus,
607 2405 736 2486 ptaellare
750 2408 820 2466 nihil
838 2409 894 2468 de·

209 2486 294 2560 beo;
313 2504 401 2567 teque
422 2490 491 2546 item
520 2487 556 2545 ab
577 2507 615 2546 eo
640 2489 779 2559 vindico,
803 2488 834 2545 ὃ(
855 2488 895 2547 Ιί-

209 2568 294 2628 bero.
313 2565 409 2644 Quod
425 2566 521 2626 scribis
541 2587 570 2626 te
595 2588 613 2625 a
633 2565 743 2627 Caesare
784 2568 895 2628 uotidie

210 2648 277 2728 plus
289 2647 388 2728 diligi,
403 2648 603 2706 immortaliter
616 2647 729 2726 gaudeo
746 2667 757 2704 t
798 2647 895 2708 album

210 2729 309 2802 verb,
330 2729 378 2808 qui
400 2726 440 2787 est
458 2726 532 2787 istius
555 2729 598 2785 rei
618 2730 631 2804 (
648 2727 895 2806 quemadmodum

210 2805 334 2889 scribis)
355 2806 490 2885 adjutor,
518 2811 548 2865 in
571 2806 661 2866 oculis
682 2807 754 2867 fero.
775 2806 896 2868 Trebo-

210 2890 292 2949 nium
312 2908 410 2948 meum
432 2905 493 2948 ate
516 2890 628 2960 amari,
650 2903 737 2967 teque
761 2889 797 2947 ab
819 2889 894 2962 illo,

211 2969 389 3051 pergaudeo.
404 2967 453 3029 De
466 2968 609 3028 tribunatu
620 2969 700 3106 guod
711 2971 825 3045 scribis,
836 2990 895 3051 ego

210 3056 286 3110 vero
306 3051 476 3109 nominatim
504 3050 594 3128 petivi
650 3052 747 3120 unio,
770 3050 800 3108 ὃ(
825 3052 897 3110 milri

210 3128 272 3210 ipse
285 3127 380 3190 Caesar
396 3131 563 3188 nominatim
577 3127 681 3188 Curtio
695 3146 824 3206 paratum
839 3129 897 3191 elle

210 3209 374 3290 rescripsit,
386 3229 541 3289 meamque
556 3211 586 3266 in
605 3209 735 3288 rogando
756 3228 899 3267 verecun-

211 3289 292 3350 diam
311 3289 483 3369 obJurgavit.
507 3289 538 3347 Si
562 3290 608 3347 cui
624 3307 762 3366 praeterea
782 3291 897 3367 petiero

210 3368 268 3511 aid
287 3370 367 3451 quod
387 3371 473 3429 etiam
493 3366 597 3447 Oppio
613 3369 694 3439 dixi,
709 3385 741 3427 ur
759 3368 795 3427 ad
815 3369 897 3428 illum

241 3449 370 3531 riberet)
393 3449 476 3509 facile
492 3453 582 3527 patiar
598 3449 668 3507 mihi
682 3450 804 3528 negari,
818 3469 898 3526 quo·

211 3533 292 3590 niam
309 3531 372 3603 illi,
392 3533 441 3608 qui
459 3528 569 3589 molesti
589 3527 672 3601 sunt,
690 3529 743 3587 sihi
767 3531 898 3608 negaria

210 3631 261 3671 me
281 3632 339 3670 non
351 3609 436 3670 facile
445 3612 597 3690 patiuntur.
609 3606 673 3688 Ego
691 3606 823 3667 Curtium
840 3608 896 3686 (id

210 3690 294 3770 quod
309 3693 364 3770 ipsi
386 3691 466 3772 dixi)
485 3711 545 3749 non
558 3687 648 3746 modb
665 3691 833 3768 rogatione,
847 3688 900 3748 sed

209 3773 304 3833 etiam
323 3769 486 3834 testimonio
500 3789 552 3834 tuo
571 3769 682 3851 diligo,
701 3767 782 3850 qubd
798 3769 902 3831 litteris
