2409 5492
291 1272 355 1325 AD
369 1255 794 1347 Q.anrurquu.III.
824 1277 898 1353 375

215 1371 290 1431 sicut
309 1371 382 1449 saepe
404 1390 505 1440 antea,
525 1371 683 1431 cohortaris
702 1371 738 1430 ad
759 1373 901 1433 ambitio-

215 1472 287 1511 nem
298 1453 331 1511 &
346 1453 381 1511 ad
393 1453 522 1511 laborem
534 1499 542 1520 ,
565 1451 668 1510 fariam
682 1453 839 1532 equidem:
851 1454 901 1514 sed

216 1533 339 1612 quando
364 1532 526 1592 vivemus?
551 1531 666 1610 Quarta
684 1531 803 1611 epistola
830 1537 902 1594 muri

217 1614 333 1672 reddita
362 1612 402 1672 est
425 1613 468 1672 ld.
486 1612 567 1692 Sept.
594 1634 679 1693 quarn
699 1636 725 1672 a.
745 1614 773 1673 d.
801 1632 836 1672 ιν
858 1615 907 1675 ld.
998 1662 1005 1671 .

216 1692 285 1753 Sex.
297 1713 334 1754 ex
349 1693 494 1753 Britannia
511 1693 690 1753 dederastin
698 1713 735 1753 ea
752 1695 822 1753 nihil
833 1694 899 1754 sane

213 1792 276 1834 erat
299 1779 371 1834 novi
394 1794 497 1854 praeter
517 1773 562 1832 En
584 1794 672 1847 onam
691 1795 700 1845 ;
718 1777 844 1854 quamsi
863 1776 902 1835 ab

214 1852 323 1935 Oppio
340 1854 501 1935 accepero‚'
514 1794 634 1914 leniam
644 1855 681 1913 ad
690 1873 741 1925 te,
751 1854 821 1934 quid
835 1854 901 1914 sen·

213 1937 306 1994 riam:
326 1955 381 1996 nec
396 1937 495 1996 dubito
510 1981 518 2007 ‚
534 1940 604 2015 quin
623 1937 693 1994 mihi
707 1934 843 2013 placitura
855 1940 903 1998 sit.

214 2012 255 2074 Et
270 2015 353 2097 quod
371 2019 493 2096 praererii
511 2017 548 2075 de
575 2037 632 2090 eo,
657 2036 744 2097 quem
770 2014 901 2095 scripsisti

213 2095 253 2155 de
272 2096 395 2156 Milonis
408 2096 505 2177 plausu
525 2094 661 2178 scripsille
678 2096 714 2155 ad
734 2093 903 2170 Caesarem‚

214 2194 273 2258 ego
292 2179 364 2237 verb
379 2176 461 2237 facile
479 2180 573 2255 patior
590 2182 630 2238 ita
643 2175 901 2237 Caesaremexilli·

215 2276 320 2330 mare,
337 2259 419 2317 illurn
433 2258 519 2339 quim
541 2261 698 2317 maximum
715 2254 794 2317 fuille
814 2258 901 2337 plau·
986 2307 988 2311 .

213 2335 276 2397 sum
296 2357 306 2409 ;
325 2338 355 2397 &
377 2361 492 2419 prorsus
515 2342 553 2397 ita
576 2339 648 2398 fuit:
673 2339 704 2396 &
729 2356 826 2397 tamen
851 2339 900 2399 ille

236 2416 329 2477 lausus
343 2465 353 2492 ‚
369 2423 418 2500 qui
436 2421 476 2478 illi
496 2420 598 2492 datur,
611 2418 833 2500 quodammodo
847 2440 902 2476 no·

212 2438 259 2560 lis
275 2499 391 2558 viderur
412 2501 481 2558 dari.
503 2498 634 2558 Reddita·
654 2499 694 2558 est
721 2500 808 2558 etiarn
829 2499 900 2557 mihi

213 2598 352 2661 pervetus
370 2578 504 2660 epistola,
521 2580 569 2639 sed
590 2580 653 2639 sero
673 2581 777 2649 allata,
792 2581 822 2635 in
841 2598 900 2658 qua

214 2660 255 2720 de
270 2660 333 2719 aede
345 2659 488 2733 Telluris,
504 2661 587 2718 &de
607 2664 720 2739 porticu
739 2656 834 2718 Catuli
850 2678 899 2718 me

214 2739 359 2801 'admones
382 2761 390 2799 ι
419 2739 451 2800 fit
480 2759 633 2820 utrumque
661 2741 710 2798 dili
731 2755 812 2798 enter
831 2738 902 2810 :nd

212 2818 342 2882 Telluris
357 2822 475 2902 quidem
493 2824 581 2880 etiam
599 2840 679 2879 tuam
704 2759 824 2879 llaruam
848 2820 899 2880 lo·

213 2905 290 2962 cavi.
312 2901 386 2962 ltern
403 2903 440 2960 de
458 2902 547 2961 hortis
568 2901 650 2982 quod
669 2921 716 2960 me
737 2900 899 2975 admones,

212 3001 270 3043 nec
291 2982 333 3042 fui
346 3003 484 3062 umquam
505 2983 589 3041 valde
611 2983 748 3062 cupidus,
772 2985 802 3040 ὅ(
822 3002 898 3042 nunc

219 3063 326 3124 domus
342 3063 503 3143 suppeditat
521 3065 590 3121 mihi
608 3065 758 3123 horrorum
777 3065 902 3121 amoeni·

214 3159 324 3205 tarem.
343 3143 469 3202 Romam
486 3165 575 3223 quum
585 3143 726 3203 venillem
748 3164 773 3201 al
787 3142 815 3199 d.
836 3160 900 3201 x111

215 3224 292 3285 ¹Kal.
312 3223 421 3284 onob.
439 3222 599 3282 absolutum
616 3224 725 3283 ostendi
740 3224 769 3278 in
793 3222 904 3280 aedibusv

211 3308 271 3366 tuis
294 3304 420 3365 tenum:
443 3304 522 3385 quod
549 3302 631 3383 supm
660 3303 810 3376 conclavia
837 3323 901 3361 non

212 3382 903 3526 llllfisslllllltllss&llillll'fllz

213 3549 254 3606 'ris
276 3546 418 3628 portioris.
434 3542 539 3605 Cicero
552 3486 670 3619 {osten
685 3545 754 3604 dum
770 3565 828 3623 ego
850 3542 900 3601 ab·

212 3626 276 3688 sum
287 3672 296 3701 ‚
309 3647 369 3687 non
383 3624 497 3686 cessavit
508 3627 585 3706 apud
600 3627 754 3686 rhetorem.
771 3622 819 3683 De
835 3622 901 3701 ejus

212 3708 377 3768 eruditione
406 3707 484 3785 quod
505 3707 638 3779 labores,
658 3705 726 3763 nihil
748 3702 808 3778 est,
826 3725 901 3784 quo·

210 3791 295 3851 niam
318 3790 468 3870 ingenium
495 3785 556 3868 ejus
583 3785 656 3849 nosti
672 3805 682 3861 ;
698 3783 822 3847 studium
839 3806 901 3870 ego
918 3816 920 3820 >
