2409 5492
159 1053 177 1347 i
284 1266 347 1320 ar>
361 1248 788 1341 Quirinii-ulrum.
821 1252 893 1349 381

161 1352 163 1381 ¹
212 1364 295 1427 nium
315 1363 409 1424 futura
422 1364 498 1423 inter
514 1364 707 1438 Memmium,
723 1366 755 1425 &
771 1364 820 1426 Ti.
838 1367 900 1428 Ne·

212 1466 338 1518 torrem,
355 1445 386 1504 &
403 1442 440 1504 C.
460 1444 492 1502 &
508 1442 541 1504 L.
558 1445 724 1516 Antonios,
743 1447 787 1505 M.
804 1447 899 1507 lilios:

214 1528 389 1607 putabamus
408 1522 472 1583 fore
497 1569 506 1597 ,
539 1543 570 1584 ut
591 1524 734 1586 Memmio
756 1527 899 1601 daretur,

212 1608 268 1667 etsi
295 1621 357 1666 erat
381 1602 504 1665 Neronis
532 1608 603 1664 mira
628 1610 787 1667 contentio.
811 1606 897 1686 Quid

212 1685 336 1767 quatis?
342 1686 447 1825 Jacob&
462 1689 618 1765 premitur,
633 1690 686 1745 nisi
701 1686 796 1748 noller
810 1688 899 1748 Pom·

363 1767 396 1825 iis
422 1766 639 1846 hominibusque
662 1770 779 1841 invitis,
801 1788 898 1850 nego-

162 1838 164 1843 ,
253 1787 318 1839 rus,

212 1786 288 1908 ἔξω
311 1848 458 1907 everterit.
489 1844 643 1929 Cognosce
668 1869 744 1907 nunc
776 1849 899 1908 hominis

162 1964 164 1991 :
212 1927 393 1999 audaciam,
420 1926 452 1986 δι
476 1927 584 2006 aliquid
606 1931 635 1988 in
659 1929 805 2009 republica
828 1950 900 2009 per-

163 2046 164 2057 t
213 2006 276 2067 dita
295 2003 445 2067 deteuare.
463 2005 568 2084 Quum
582 2006 747 2083 Gabinius,
763 2029 900 2090 quacum·

163 2080 164 2111 ¹
213 2107 271 2168 que
289 2087 446 2160 veniebat,
460 2089 636 2168 triumphum
650 2088 678 2150 se
696 2087 837 2170 postulare
854 2091 899 2148 cli·

213 2166 326 2240 xisset,
350 2166 499 2248 subitoque
519 2169 612 2229 bonus
633 2173 790 2249 imperator
811 2170 897 2230 nollit

213 2251 246 2308 in
268 2249 395 2322 urbem,
415 2247 538 2308 hostium
560 2251 662 2328 plane,
681 2248 843 2324 invasisset,
863 2255 893 2311 in

163 2372 165 2387 i
213 2328 346 2390 senatum
360 2327 388 2388 se
401 2351 460 2389 non
476 2331 684 2390 committebat.
702 2330 819 2392 Interim
835 2331 897 2411 ipso

164 2392 166 2445 l
213 2409 333 2471 decimo
348 2409 413 2480 die,
430 2432 489 2491 quo
505 2409 595 2490 ipsum
613 2411 763 2491 oportebat
775 2410 898 2471 hostium

163 2464 166 2543 l
212 2510 371 2551 nnmerum
387 2492 418 2551 &
435 2491 557 2550 militum
573 2495 752 2564 renuntiare,
768 2495 899 2570 irrepsit,

213 2570 327 2633 summi
345 2569 544 2651 infrequentia.
565 2572 670 2650 Quum
693 2573 782 2631 vellet
799 2576 898 2645 exire,

214 2672 234 2713 a
252 2650 414 2713 consulibus
436 2667 562 2712 retentus
583 2652 642 2712 est:
665 2651 817 2712 introduffl
839 2674 899 2732 pu-

215 2732 334 2793 blicani.
361 2731 463 2792 Homo
485 2732 613 2813 undique
641 2732 738 2806 ailus,
768 2753 856 2812 quum
881 2754 898 2791 a

216 2832 265 2875 me
287 2813 412 2873 maxime
436 2813 655 2882 vulneraretur,
682 2833 741 2871 non
761 2814 843 2884 tulit,
866 2814 899 2873 &

216 2914 265 2955 me
279 2896 414 2954 trementi
423 2914 498 2953 voce
510 2892 636 2953 exsulem
646 2894 811 2972 appellavit.
824 2894 900 2969 Hic,

217 2974 238 3033 ὃ
258 2975 323 3035 dii!
342 2976 412 3034 nihil
431 2995 567 3054 umquam
588 2973 822 3034 honorificentius
842 2998 899 3034 nu-

217 3055 262 3115 bis
283 3056 405 3115 accidit:
428 3055 602 3114 consurrexit
624 3054 735 3115 senatus
755 3077 820 3114 cum
840 3057 899 3115 cla·

218 3156 303 3196 more
331 3136 369 3195 ad
394 3155 511 3206 unum,
539 3136 578 3193 sic
598 3153 629 3195 ut
651 3137 689 3194 ad
708 3158 811 3213 corpus
837 3134 900 3213 ejus

217 3216 387 3277 accederet:
405 3219 466 3295 pari
480 3217 603 3275 clamore
619 3232 703 3294 atque
719 3219 828 3292 impetu
848 3237 902 3293 pu·

220 3295 337 3357 blicani.
357 3293 441 3373 Quid
463 3295 588 3375 quaeris?
609 3315 733 3366 omnes,
755 3314 901 3375 tamquam

218 3378 244 3435 si
265 3394 297 3438 tu
318 3374 416 3446 elles,
441 3379 479 3435 ita
502 3377 624 3436 fuerunt.
651 3374 729 3434 Nihil
750 3376 901 3443 hominum

218 3455 355 3517 sermone
379 3455 448 3516 foris
467 3457 578 3515 clarius.
609 3455 672 3537 Ego
695 3476 792 3516 tamen
814 3475 901 3515 teneo

217 3537 258 3597 ab
275 3536 456 3608 accusando,
471 3540 520 3595 vix
536 3537 718 3596 mehercule:
737 3534 785 3594 sed
805 3553 902 3594 tamen

215 3634 331 3690 teneo,
351 3618 397 3677 vel
416 3618 496 3697 qubd
515 3617 584 3677 nolo
605 3638 671 3674 cum
692 3614 764 3674 Pom
786 3619 832 3674 eio
851 3638 903 3694 pu·

215 3716 311 3780 gnare
329 3695 343 3778 (
359 3696 422 3757 satis
446 3696 486 3757 est
505 3698 583 3777 quod
602 3695 683 3755 instat
704 3695 740 3754 de
764 3638 903 3777 illone)

213 3778 268 3841 vel
290 3779 373 3859 quod
387 3777 497 3861 judices
518 3779 613 3842 nullos
638 3777 777 3840 habemus
799 3795 806 3839 ι
832 3777 904 3841 ἀπὸ·
