2409 5492
255 1246 363 1328 v390.
413 1227 789 1297 Errsroraavrr
844 1268 861 1295 ·.

258 1342 383 1421 antiquis
399 1339 564 1409 hominibus
579 1341 791 1414 attribuerem,
804 1356 840 1401 ea
854 1339 956 1404 visum

259 1426 295 1482 iri
313 1420 376 1481 fieia
393 1420 467 1482 effe:
485 1423 645 1482 oratorium
665 1420 828 1482 sermonem
844 1421 874 1479 in
892 1422 951 1484 illis

260 1501 366 1567 rostris
390 1503 492 1577 libris,
516 1501 597 1580 quod
621 1499 692 1563 effer
712 1502 881 1563 dotatione
901 1503 954 1564 dir

260 1581 378 1655 cendi,
406 1583 483 1642 heile
510 1603 528 1640 a
551 1601 600 1643 me
625 1580 813 1655 removisse,
836 1582 874 1643 ad
897 1602 953 1649 eos

259 1680 361 1724 tamen
378 1660 525 1736 retuliiie,
542 1683 616 1743 quos
630 1662 690 1743 ipse
705 1661 855 1741 vidiffem3
872 1660 955 1725 Aris-

258 1743 387 1806 totelem
414 1744 570 1824 denique,
597 1762 660 1823 quae
686 1745 724 1805 de
747 1742 907 1825 republica*
920 1744 954 1806 &

260 1824 414 1906 praestante
428 1827 493 1887 viro
509 1821 630 1897 scribat,
644 1823 736 1904 ipsum
747 1821 841 1905 ioq'rii.
855 1821 954 1885 Com·

264 1907 361 1965 movit
377 1924 447 1979 me,
468 1905 500 1964 &
519 1902 556 1965 eb
576 1908 689 1987 magis,
710 1904 789 1986 qubd
810 1907 954 1966 meximoe

265 2003 364 2047 motus
390 1984 493 2044 nostrae
511 1986 633 2045 civitatis
655 1988 794 2069 attingere
814 2003 876 2044 non
916 2004 955 2046 σ-

265 2082 380 2137 teram,
402 2063 481 2146 qubd
498 2083 580 2124 erant
595 2064 762 2139 inferiores,
773 2063 867 2145 -quim
884 2066 891 2080 '
914 2087 955 2127 o·

264 2166 328 2205 rum
353 2161 445 2218 arras,
465 2146 515 2225 qui
535 2142 725 2226 loquebantur
743 2165 751 2204 ε
772 2162 831 2226 ego
849 2150 954 2205 aurem-

267 2224 297 2284 id
318 2221 410 2303 ipsum
428 2240 490 2283 tum
509 2243 590 2285 eram
605 2225 736 2302 secutus,
749 2242 789 2296 oe
806 2226 838 2283 io
852 2221 953 2287 nostre

266 2322 401 2383 tempora
415 2303 562 2364 incurrens
578 2303 760 2368 offenderem
774 2304 954 2386 quempiam.

268 2380 355 2443 Nunc
373 2382 450 2444 &id
465 2385 586 2459 vitabo,
601 2387 633 2447 δι
648 2386 749 2469 loquar
763 2383 823 2466 ipse
831 2390 956 2460 recume,

270 2465 422 2524 &tamen
445 2465 494 2524 illa
516 2486 580 2545 quae
602 2465 810 2537 institueram,
834 2464 872 2524 ad
897 2481 928 2527 te
944 2511 960 2543 ,

267 2546 296 2602 ei
310 2543 442 2603 'Romam
465 2564 595 2618 venero,
621 2549 755 2607 mirram:
780 2560 854 2624 puro
874 2549 956 2606 enim

266 2641 298 2686 te
313 2623 541 2686 existimaturum
560 2671 570 2699 ‚
597 2647 614 2684 a
635 2647 682 2688 me
701 2627 791 2687 libros
808 2624 874 2685 illos
886 2646 954 2686 raon

268 2706 331 2766 sine
356 2707 456 2785 aliquo
478 2727 547 2768 meo
570 2703 717 2767 stomacho
741 2703 803 2766 esse
832 2703 957 2770 relifioo

271 2782 393 2845 Caesaris
417 2807 535 2860 amore,
552 2807 641 2866 quern
660 2789 696 2847 ad
711 2806 758 2847 me
774 2783 959 2866 perscripsifi,

269 2868 355 2926 unice
375 2866 519 2926 delemur:
539 2871 687 2946 premissis
703 2871 758 2941 iis,
777 2886 841 2946 quae
860 2863 955 2927 osten}

266 2944 338 3016 dit,
368 2965 428 3004 non
455 2946 541 3006 valde
572 2951 715 3027 pendeo:
743 2967 799 3007 nec
826 2946 955 3008 honores

269 3026 335 3083 sitio
357 3070 366 3098 ‚
391 3045 444 3084 nec
473 3026 606 3088 desidero
636 3033 758 3112 gloriam
779 3049 789 3100 ;
810 3027 957 3108 magisque

269 3103 332 3185 ejus
346 3106 503 3166 voluntaris
520 3116 761 3188 perpetuitatem,
778 3106 863 3187 quim
881 3129 955 3188 pro·

270 3184 417 3248 missorum
443 3190 551 3246 exitum
575 3191 719 3272 exspeiio.
749 3190 830 3248 Viro
855 3207 955 3249 tamen

270 3270 301 3329 in
318 3289 352 3328 ea
370 3269 548 3342 ambitione,
564 3270 596 3330 &
611 3273 730 3345 labore,
746 3287 895 3348 tamquam
906 3269 957 3344 id,

292 3349 351 3409 uod
368 3370 427 3406 non
449 3348 584 3428 postulo,
601 3353 773 3434 exspeiiem.
792 3347 890 3427 Quod
907 3370 957 3411 me

269 3370 308 3488 ie
331 3427 468 3488 faciendis
492 3432 623 3492 versibus
648 3456 733 3516 rogas
746 3453 760 3505 Δ;
786 3430 958 3491 incredibile

270 3507 334 3583 est,
358 3513 396 3568 rni
419 3507 531 3584 frater,
558 3513 645 3592 quim
665 3533 769 3597 egeam
793 3527 961 3589 temperer

268 3612 323 3649 nec
340 3591 404 3650 sani:
427 3590 491 3649 satis
511 3612 704 3656 commoveor
726 3597 825 3654 animo
844 3592 883 3650 ad
901 3611 958 3664 ea,

268 3690 333 3748 quae
355 3674 399 3733 vis
419 3673 556 3732 canenda.
581 3680 728 3743 i‘mir'soe
746 3673 820 3734 verb
844 3673 960 3744 adea,

270 3768 334 3830 quae
356 3753 414 3833 ipse
431 3773 487 3841 ego
505 3775 542 3817 ne
563 3757 720 3838 cogitando
740 3754 865 3841 quidem
885 3769 957 3821 conr
