2409 5492
237 1330 262 1339 ..
296 1238 594 1326 aD'Fmrzr'Au.
606 1255 694 1326 Lm.
706 1257 787 1330 XV.
813 1228 894 1355 ἑῇ

214 1364 310 1445 Quare
336 1391 354 1428 a
380 1384 502 1449 repeto
524 1367 665 1448 majorem
688 1372 716 1429 in
744 1372 894 1446 modum,

164 1440 165 1485 ³
213 1465 238 1506 ut
261 1468 309 1509 me
340 1469 394 1528 per
421 1465 450 1508 te
474 1448 560 1528 qulam
586 1450 799 1510 ornatissimum
818 1453 892 1511 velis

209 1525 276 1599 'effe3
295 1549 453 1609 meamque
473 1529 546 1588 &in
561 1528 767 1609 supplicatione
784 1532 892 1593 decer?-

216 1608 327 1680 nenda,
349 1610 381 1669 &
396 1611 425 1667 in
441 1611 543 1669 ceteris
554 1608 639 1669 rebus
654 1604 893 1671 existimationem

164 1728 165 1739 κ
213 1686 272 1749 sais
289 1690 344 1748 ribi
365 1687 422 1749 elle
442 1690 675 1750 commendaram
693 1708 786 1770 putes.
805 1691 892 1761 Vale.

164 1824 165 1883 ζ
246 1813 856 1881 M.T.'C.1M1›.C.Mauceuuo
926 1842 929 1847 ·

414 1895 506 1958 Cos.
535 1895 565 1958 S.
587 1897 684 1958 RD.

164 2044 165 2051 ¹
215 2027 448 2080 Surrurcarroua
467 2026 513 2078 sibi
533 2030 646 2088 decretal,
665 2031 756 2097 gratias
775 2030 824 2099 agir
838 2048 892 2082 coa-

227 2160 232 2170 ·
241 2099 309 2168 fidi,
330 2103 355 2151 dr
367 2101 504 2169 propediem
520 2104 552 2150 ud
568 2101 645 2159 urbem
655 2100 682 2169 se
691 2102 747 2168 fore
764 2104 892 2172 siguificat.

209 2250 214 2258 .
244 2174 320 2227 Anno
342 2172 375 2223 U.
395 2176 422 2224 C.
443 2190 500 2240 7⁰3·

219 2340 258 2382 η.
271 2252 499 2410 Qunam
524 2342 597 2382 curae
613 2323 671 2383 ‘tibi
694 2343 774 2385 meus
796 2324 891 2386 honos

214 2400 314 2476 fuerit,
338 2404 371 2462 &
392 2402 479 2483 qulam
498 2403 576 2464 idem
592 2402 728 2464 exstiteris
747 2404 844 2464 consul
862 2410 892 2465 in

216 2502 256 2544 me
273 2482 429 2557 ornando,
450 2482 481 2542 &
496 2481 718 2563 amplificando,
736 2488 784 2564 qui
798 2483 893 2544 fueras

215 2561 325 2645 semper
341 2582 409 2622 cum
427 2562 591 2643 parentibus
610 2566 665 2623 tuis
691 2564 723 2623 δι
744 2584 810 2624 cum
831 2580 893 2624 rota

216 2642 322 2718 domo,
339 2645 395 2703 etsi
412 2662 457 2703 res
476 2642 535 2723 ipsa
552 2643 745 2723 loquebatur,
767 2646 893 2724 cognovi

215 2738 308 2784 tamen
331 2743 369 2783 ex
387 2742 518 2782 meorum
543 2725 674 2782 omnium
693 2724 804 2781 litteris.
831 2719 893 2781 lra-

215 2822 265 2883 que
291 2803 363 2863 nihil
381 2801 423 2863 est
441 2821 570 2877 tantum,
594 2801 674 2883 quod
692 2822 749 2883 ego
767 2821 827 2860 non
844 2802 893 2861 tud

216 2884 295 2944 causi
310 2880 454 2955 debeam,
470 2880 593 2942 fadum(
607 2902 644 2941 ue
662 2884 716 2941 sim
732 2901 819 2961 quum
832 2880 894 2943 llu-

214 2962 321 3038 diose,
344 2978 408 3023 tum
429 2963 561 3023 libenter.
582 2904 659 3020 dam
683 2964 778 3043 magni
804 2963 893 3024 inrer-

216 3041 278 3116 est,
308 3043 356 3102 cui
375 3041 507 3102 debeas:
536 3042 642 3102 debere
667 3060 763 3101 autem
784 3044 893 3102 nemini

217 3124 300 3183 malui
319 3168 330 3197 ,
361 3122 449 3202 qulam
465 3123 515 3181 tibi
534 3142 544 3195 ·,
570 3126 615 3181 cui
631 3142 679 3180 me
696 3141 785 3201 quum
802 3120 894 3181 studia

214 3202 379 3263 'communia
390 3247 399 3276 ,
412 3199 552 3261 beneficia
565 3221 704 3280 paterna,
718 3218 821 3279 tuaque
832 3199 894 3281 jam

218 3284 278 3343 ante
298 3280 521 3360 conjunxerant3
537 3300 598 3341 tum
612 3280 737 3350 accedit,
753 3280 819 3338 med
830 3282 895 3359 qui·

218 3362 280 3423 dem
294 3362 454 3434 sententia,
469 3364 626 3420 maximum
638 3360 801 3430 vinculum,
814 3358 894 3439 qubd

215 3440 252 3503 ira
264 3442 474 3522 rempublicam
490 3443 583 3522 geris,
598 3457 683 3521 atque
698 3436 821 3520 gessisti,
837 3437 895 3517 qud

218 3522 283 3582 mihi
305 3524 398 3582 carius
418 3521 487 3580 nibil
506 3519 573 3594 est,
597 3538 655 3591 ut,
684 3518 895 3598 quantumribi

218 3623 316 3663 omnes
332 3600 403 3662 boni
419 3601 561 3673 debeant,
578 3602 639 3679 qul>
657 3599 750 3657 minbs
768 3613 895 3656 tantum-

164 3672 166 3755 ἱ
214 3682 282 3742 'dem
309 3703 367 3765 ego
397 3678 469 3741 unus
494 3681 643 3752 debeam,
674 3697 735 3736 non
758 3674 897 3738 recusem.

215 3760 423 3842 Quamobrem
449 3763 503 3822 tibi
525 3761 616 3824 velim
635 3758 665 3819 hi
693 3758 749 3818 sint
773 3759 896 3836 exitus,
