2409 5492
287 1282 349 1335 ,ω
367 1264 410 1356 Q.
422 1241 618 1333 Frrrrr'ru
633 1265 722 1335 Lru.
737 1265 785 1338 II.
810 1266 861 1363 36
861 1284 886 1363 5

287 1409 461 1471 Mantus
502 1406 546 1489 Q.
587 1408 743 1471 Fuarur
784 1410 815 1473 S.

207 1550 252 1602 D!
271 1547 463 1616 occupationibus
474 1546 523 1616 suis
540 1566 549 1598 .·
568 1550 625 1616 quid
639 1550 663 1599 in
680 1547 764 1617 senna
783 1549 856 1601 adum
875 1566 886 1602 .·

241 1641 290 1692 qua
304 1623 397 1687 judicia
413 1621 493 1670 habita
510 1622 558 1671 rint
575 1639 616 1670 out
634 1623 718 1684 instent
737 1639 746 1672 .·
765 1625 887 1673 materiam

241 1696 352 1746 caminis
366 1692 504 1761 scribendi,
519 1693 662 1761 superatio
681 1691 768 1761 casare
787 1698 890 1746 Britan·

242 1768 304 1825 nie.
316 1768 391 1836 fratri
407 1769 558 1835 gratulatur,
576 1767 667 1834 &quid
681 1771 708 1817 de
719 1765 768 1834 fuir
783 1770 887 1821 versibus

241 1839 321 1910 Casas
330 1841 440 1912 judicet,
455 1838 600 1908 sciscitatur.
625 1841 698 1892 Auno
717 1839 751 1893 U.
768 1843 796 1894 C.
816 1849 875 1904 699.

210 2008 255 2072 16.
270 1939 436 2096 Quum
457 2031 473 2069 a
493 2030 541 2070 me
557 2010 664 2070 litteras
680 2009 785 2070 librarii
801 2030 891 2074 manu

209 2092 380 2170 acceperis,
403 2110 439 2150 ne
468 2091 584 2170 paulum
614 2093 665 2150 otii
691 2111 738 2151 me
764 2091 890 2154 habuisse

208 2169 335 2250 judicato
356 2191 366 2243 ;
390 2191 479 2251 quum
507 2189 602 2231 autem
627 2171 715 2245 mea,
746 2173 891 2253 paulum:

211 2254 250 2312 sit
270 2254 350 2312 enim
367 2251 497 2323 habeto,
515 2273 671 2332 numquam
690 2271 736 2312 me
757 2275 774 2312 a
798 2255 891 2313 causis

209 2331 240 2392 &
265 2329 379 2411 judiciis
399 2331 595 2392 distriffiorem
615 2331 694 2393 fuiffe
716 2378 726 2405 ‚
753 2351 839 2414 atque
860 2333 891 2394 id

208 2417 273 2473 anni
300 2430 434 2492 tempore
467 2415 636 2493 gravissimo
652 2433 667 2485 ,·
691 2412 722 2472 δι
748 2414 892 2473 caloribus

207 2494 349 2553 maximis.
371 2492 429 2552 Sed
447 2492 508 2550 haec
527 2493 540 2572 (
556 2496 695 2573 quoniam
713 2511 744 2552 tu
762 2495 801 2552 ita
820 2513 893 2572 prae·

208 2572 329 2647 scribis,
349 2572 363 2654 )
388 2571 508 2632 ferenda
527 2573 614 2644 sunt3
638 2591 732 2651 neque
750 2576 893 2631 commit-

207 2654 358 2726 tendum,
390 2672 421 2714 ut
449 2670 498 2712 aut
527 2653 615 2732 spei,
648 2670 696 2712 aut
723 2655 893 2732 cogitationi

209 2732 308 2796 vestrae
339 2753 396 2815 ego
428 2733 528 2792 videar
558 2729 706 2801 defuiffe3
737 2731 893 2812 praesertim

209 2834 322 2894 quum,
338 2817 452 2874 tametsi
467 2814 496 2872 id
515 2812 656 2872 difficilius
671 2810 778 2887 fuerit,
794 2832 893 2874 tamen

210 2913 246 2955 ex
266 2894 324 2953 hoc
341 2894 440 2954 labore
458 2915 591 2976 magnam
607 2895 726 2975 gratiam
745 2914 894 2977 magnam-

210 2994 266 3055 que
286 2973 456 3054 dignitatem
481 2977 535 3034 sim
558 2973 737 3035 colletiums.
768 2973 893 3057 Itaque,

210 3073 240 3117 ut
257 3054 310 3114 tibi
331 3055 442 3133 placet,
470 3054 569 3116 damus
593 3076 734 3134 operam,
760 3076 796 3116 ne
811 3057 892 3134 cujus

212 3136 341 3195 animum
367 3133 566 3208 offendamus,
587 3156 671 3230 atque
694 3155 724 3193 ut
746 3139 834 3196 etiam
853 3138 891 3196 ab

211 3217 244 3277 iis
270 3216 362 3294 ipsis,
384 3217 432 3293 qui
451 3235 504 3273 nos
522 3237 588 3273 cum
607 3214 720 3275 ssaesare
738 3231 797 3273 tam
817 3236 894 3275 con-

211 3292 325 3375 junRos
341 3295 460 3367 dolent,
474 3295 638 3376 diligamur:
652 3294 687 3352 ab
700 3298 787 3374 aequis
801 3297 895 3372 verb,

211 3394 258 3436 aut
287 3377 375 3434 etiam
402 3396 419 3434 a
444 3380 595 3454 propensis
624 3378 654 3433 in
681 3375 752 3432 hanc
781 3396 895 3455 partem

211 3455 449 3516 vehementer&
468 3457 618 3526 colamur,
635 3456 666 3512 &
685 3475 823 3515 amemur.
843 3456 894 3517 De

212 3537 321 3599 ambitu
342 3555 431 3613 quum
452 3537 628 3595 atrocissime
650 3553 781 3613 ageretur
801 3538 830 3593 in
848 3535 893 3596 se·

212 3634 280 3676 natu
296 3616 403 3675 multos
418 3614 498 3688 dies,
516 3617 594 3697 quod
609 3617 647 3673 ita
658 3632 738 3673 erant
750 3635 802 3692 pro
825 3619 896 3677 ressi

213 3696 356 3757 candidati
377 3694 536 3756 consulares
561 3714 592 3755 ut
615 3716 675 3753 non
699 3691 768 3753 effet
792 3636 893 3756 siren-

212 3776 303 3853 dum,
321 3779 351 3839 in
370 3774 469 3838 senatu
484 3798 543 3840 non
562 3777 619 3839 fui:
636 3773 717 3836 statui
732 3774 769 3832 ad
785 3778 892 3840 nullam

697 3852 774 3937 Qu
