2409 5492
184 1271 262 1351 374
333 1250 708 1319 Earsrozanuru

182 1372 236 1431 nris
253 1366 372 1427 studium
391 1367 462 1424 illius
478 1365 508 1421 in
531 1363 650 1421 salutem
670 1361 801 1424 nostram
823 1365 872 1428 sa-
905 1434 908 1439 ,

183 1452 237 1508 tile
248 1448 386 1527 perspexi.
397 1445 445 1505 l)e
456 1443 625 1503 Britannicis
634 1446 724 1505 rebus
736 1452 872 1528 cognovi

182 1549 218 1589 ex
235 1531 289 1588 tuis
309 1530 433 1599 litteris,
454 1525 524 1583 nihil
538 1525 598 1588 elle
621 1545 676 1584 nec
717 1528 781 1586 ubd
803 1551 871 1590 me*

183 1625 295 1669 tuarnus
311 1655 320 1678 ,
340 1629 393 1668 nec
405 1605 485 1686 qubd
496 1604 683 1686 gaudeamus.
697 1548 750 1668 sie
772 1610 872 1687 publi-

185 1692 226 1748 cis
240 1691 384 1769 negotiis,
404 1709 468 1767 quae
484 1690 529 1744 vis
547 1686 584 1744 ad
603 1703 632 1745 te
651 1686 798 1748 Tironem
810 1691 875 1749 scri*

185 1770 280 1841 bere,
298 1769 489 1851 negligentius
501 1766 539 1824 ad
557 1785 586 1826 te
601 1768 670 1826 ante
691 1767 852 1829 scribebam
861 1792 875 1841 5

160 1908 162 1911 .
185 1850 267 1929 qubd
281 1851 547 1920 omnia,minima‚
560 1850 711 1922 maxima,
725 1850 763 1908 ad
782 1849 875 1923 Caesaq

189 1951 253 1999 aem
273 1933 347 1990 mitti
360 1929 492 1989 sciebam.

221 2006 875 2089 lV.Rescripsiepistolamaximae.Audinune

188 2090 227 2151 de
246 2090 419 2150 minuscula:
432 2093 461 2148 in
479 2111 535 2168 qua
552 2094 676 2168 primum
689 2088 729 2148 est
741 2088 778 2148 de
792 2088 875 2150 Clo-

190 2170 230 2230 dii
254 2171 290 2228 ad
310 2169 454 2230 Caesarem
476 2169 601 2229 litteris:
621 2173 650 2228 in
670 2189 728 2249 quo
749 2166 875 2229 Caesaris

188 2251 344 2310 consilium
368 2251 484 2330 probo,
505 2251 586 2331 quiid
608 2250 661 2310 tibi
679 2251 876 2310 amantissime

188 2334 302 2425 petenti
326 2335 444 2391 veniam
462 2352 523 2390 non
544 2330 648 2402 dedit,
665 2332 709 2388 uri
729 2331 820 2390 ullum
842 2328 881 2391 ad

192 2411 272 2471 illam
285 2411 399 2471 Furiam
412 2412 534 2472 verbum
551 2410 729 2471 rescriberet.
745 2410 881 2471 -Altemm

192 2490 235 2552 est
251 2493 287 2552 de
303 2491 441 2554 Calventi
452 2492 536 2550 Marii
550 2493 682 2552 oratione
698 2511 705 2550 :
722 2492 804 2572 quod
816 2490 883 2551 scri·

195 2571 423 2648 bismiror,tibi
440 2573 631 2652 placere‚me
648 2572 767 2632 adeam
785 2571 881 2632 rescri-

195 2653 284 2723 bere,
303 2654 459 2734 praesertim
476 2672 566 2732 quum
582 2654 663 2711 illam
682 2671 773 2712 nemo
795 2651 882 2712 leciri·

196 2755 244 2793 rus
266 2737 324 2805 sit,
345 2738 368 2794 si
389 2756 446 2816 ego
471 2733 540 2791 nihil
567 2732 738 2812 rescripsero
756 2754 765 2806 ;
788 2748 882 2793 meam

198 2816 228 2873 in
245 2816 326 2873 illum
346 2819 427 2893 pueri
447 2835 571 2884 omnes,
591 2830 742 2894 tamquam
760 2813 881 2885 didiata,

198 2894 370 2972 perdiscant.
403 2895 505 2952 Libros
538 2915 641 2954 omnes
670 2915 784 2968 meoS,
810 2908 882 2974 quo's

199 2973 342 3050 exspeslas
357 3018 366 3045 ,
382 2976 521 3041 inchoavi
541 2994 550 3045 3
571 2974 619 3033 sed
648 2975 796 3035 conficere
824 2989 882 3035 non

198 3051 312 3131 possum
330 3053 371 3111 his
398 3054 511 3112 diebus.
539 3053 697 3114 Orationes
719 3054 784 3115 effla
806 3059 884 3115 itata's

200 3153 254 3213 pro
266 3133 373 3194 Scauro
385 3135 416 3194 ὃ(
433 3156 486 3213 pro
504 3133 622 3194 Plancio
638 3135 760 3194 absolvi.
779 3077 888 3196 §osma

172 3270 174 3275 ,
200 3214 238 3273 ad
256 3213 418 3287 Caesarem,
435 3215 515 3295 quod
534 3215 775 3295 composueram,
788 3217 886 3276 incidi.

202 3293 272 3354 Tibi
290 3297 369 3375 quod
381 3318 483 3376 rogas,
494 3298 631 3375 quoniam
650 3300 707 3376 ipsi
719 3296 816 3356 fontes
829 3294 886 3374 jam

203 3377 318 3448 sitiunt,
329 3380 352 3435 si
364 3376 433 3456 quid
444 3377 559 3435 habebo
571 3377 671 3455 spatii,
684 3377 815 3437 scribam.
824 3377 889 3436 Ve-

203 3458 254 3516 nio
272 3456 309 3515 ad
332 3460 454 3516 tertiam.
473 3456 594 3516 Balbum
617 3457 699 3538 quod
718 3461 759 3516 ais
778 3457 886 3518 mature

202 3536 331 3596 Romam
350 3538 426 3599 bene
446 3540 614 3596 comitatum
632 3535 688 3598 effe
711 3552 889 3610 venturum,

207 3636 380 3700 mecumque
393 3618 503 3678 assidue
521 3618 656 3698 usque-ad
673 3617 718 3677 ld.
739 3619 835 3678 Maias
847 3617 891 3678 sd·

205 3714 321 3771 turum,
338 3701 367 3758 id
378 3701 447 3758 mihi
459 3719 644 3780 pergratum,
663 3720 775 3780 perque
792 3699 893 3774 jucun·

206 3776 277 3837 dum
302 3783 366 3840 erit.
386 3781 481 3858 Quod
503 3800 550 3841 me
572 3783 601 3841 in
623 3781 728 3841 eadem
750 3779 894 3861 epistola,
