2409 5492
248 1236 327 1337 356
399 1232 790 1301 Eersroarnvrr

249 1369 404 1433 megenum
416 1344 534 1407 seretis?
549 1342 659 1404 Genus
675 1345 787 1417 vides,
802 1343 833 1404 δι
844 1342 923 1405 locun

249 1428 375 1511 jocandi.
393 1426 485 1486 Multa
502 1424 560 1484 dixi
579 1427 610 1483 in
633 1424 806 1506 ignobilem
826 1444 923 1507 regem,

241 1511 354 1590 ,quibus
380 1523 457 1567 torus
487 1503 528 1564 est
555 1503 709 1583 explosus.
743 1504 820 1584 Quo
840 1524 924 1587 genere

251 1606 417 1648 commotus
440 1583 495 1665 (ur
513 1582 594 1721 &isi
615 1582 762 1664 Appius,
783 1602 876 1646 totum
891 1604 926 1645 ne

252 1668 449 1748 amplexatur:
467 1663 569 1723 nihile
609 1666 694 1722 enirn
713 1664 927 1745 facilius‚qulu

252 1748 363 1828 reliqua
375 1746 522 1807 discutere.
537 1743 594 1804 Sed
605 1743 693 1802 nons
696 1748 815 1817 nciam,
828 1745 928 1805 utillun

254 1826 422 1899 offendam,
443 1845 479 1884 ne
499 1825 639 1905 imploret
655 1822 754 1883 sidem
773 1825 853 1887 Jovis
870 1823 929 1885 Hos·

254 1910 350 1990 pitalis
375 1928 382 1966 τ
412 1904 517 1966 Graios
550 1923 657 1964 omnes
686 1925 868 1974 convocet,
892 1924 930 1985 per

256 2010 329 2070 quos
357 2006 471 2046 rnecurn
500 1987 529 2042 in
557 1986 682 2065 gratiam
713 1986 815 2046 rediit.
844 1984 930 2045 Theo·

256 2089 370 2149 pompo
392 2064 604 2125 satisfaciemus.
627 2061 680 2124 De
700 2061 824 2126 Caesare
842 2065 930 2145 sugere

255 2166 305 2206 me
325 2147 360 2205 ad
381 2163 409 2203 te
429 2144 561 2203 scribere.
582 2142 687 2204 Video
707 2148 818 2219 enirn,
837 2166 897 2226 quas
909 2163 931 2204 tu

256 2226 363 2285 litteras
390 2222 569 2301 exspeclaris.
601 2221 664 2282 Sed
692 2225 748 2286 ille
780 2223 931 2306 scripsited

256 2302 400 2377 Balbum,
416 2302 580 2362 fasciculum
594 2302 680 2361 illum
694 2323 714 2364 e
739 2305 932 2379 istolarum‚it

258 2404 317 2465 quo
336 2385 427 2445 fuerat
446 2384 478 2442 δι
496 2403 585 2455 mea,
605 2382 637 2441 δι
656 2327 769 2460 Baria,
790 2403 883 2447 toturn
895 2384 934 2443 sili

258 2466 333 2547 aqud
346 2463 493 2525 madidum
510 2462 659 2522 redditum
675 2463 759 2538 esse3
779 2482 814 2527 ut
830 2487 868 2529 ne
881 2462 934 2525 illud

261 2547 380 2627 quidem
395 2544 478 2617 sciat,
490 2563 586 2602 meam
599 2541 685 2604 suisle
701 2545 837 2626 aliquam
851 2543 935 2627 epislo·

259 2627 328 2686 larn.
358 2625 417 2685 Sed
438 2643 474 2683 err
496 2622 578 2682 Balbi
598 2621 726 2702 epistola
751 2648 848 2706 pauca
866 2625 934 2688 verli

255 2702 459 2777 intellexerat,
476 2702 513 2761 ad
530 2723 592 2782 quae
607 2701 760 2783 rescripsit
779 2707 824 2766 his
842 2706 935 2777 verbis,

259 2789 308 2845 De
331 2787 456 2844 Cicerone
478 2786 557 2843 video
577 2801 602 2840 te
627 2786 770 2859 quiddam
792 2783 935 2867 scripsisse,

259 2867 334 2941 quod
361 2886 408 2943 ego
432 2883 486 2921 non
512 2862 638 2920 intellexi
656 2883 671 2932 ;
700 2886 843 2942 quantum
867 2882 935 2923 arten

259 2941 410 3020 corticeum*
431 2942 630 3019 configmhnr,
647 2945 682 2999 id
698 2964 765 3003 emt
786 2944 936 3025 illiusmodi,

260 3039 291 3081 ut
309 3024 395 3101 magis
415 3024 562 3098 optandum
582 3064 591 3090 ,
611 3023 693 3099 purim
705 3026 879 3103 sperandum
894 3044 937 3103 pu·

260 3119 354 3160 tarem.
386 3100 482 3178 Itaque
512 3099 612 3178 poslea
638 3103 707 3160 rnisi
739 3105 780 3164 ad
814 3103 937 3165 Caelareu

261 3180 368 3241 eodem
389 3180 438 3240 illo
458 3181 594 3259 exemplo
619 3179 744 3242 litteras.
780 3185 884 3245 Jocum
898 3203 937 3243 au·

186 3266 189 3273 ’
261 3279 322 3321 tem
342 3261 414 3320 illius
434 3260 536 3319 desua
558 3257 684 3340 egestate
707 3282 748 3322 ne
770 3267 810 3324 sis
829 3265 938 3345 asperna-

261 3359 318 3401 tus.
339 3340 387 3398 Ad
408 3360 494 3418 quem
517 3359 573 3419 ego
595 3337 758 3419 rescripsi,
786 3346 858 3405 nihil
878 3340 938 3411 esse,

261 3421 341 3501 quod
356 3417 472 3500 posthac
492 3441 564 3477 arcae
584 3417 687 3477 nostrae
705 3419 823 3482 fiduciis
840 3442 937 3483 contur-

257 3501 362 3571 baret;
386 3501 496 3579 lusique
515 3502 543 3556 in
563 3519 600 3558 eo
622 3519 732 3578 genere
755 3504 793 3563 &
813 3504 936 3563 familiari·

261 3598 331 3654 ter,
354 3581 386 3641 ὅ(
405 3601 469 3639 cum
488 3579 635 3659 dignitate.
654 3578 755 3639 Amor
778 3579 936 3657 ausencius

261 3681 331 3799 erga
359 3683 412 3719 nos
440 3657 580 3739 perfertur
603 3662 737 3719 omniurn
764 3667 873 3724 nuntiis
891 3665 937 3721 sin·

262 3743 375 3826 guaris.
392 3740 429 3803 Et
446 3741 546 3803 litterae
564 3739 683 3823 quidem
703 3741 744 3805 ad
759 3745 793 3805 id
810 3742 888 3830 quod
900 3760 936 3803 ex·
