2409 5492
251 1118 331 1217 466
406 1117 782 1188 Errsrozrnttrt

310 1233 372 1296 Ar>
404 1246 599 1304 nomnen,
624 1248 661 1290 ex
679 1228 730 1289 lib.
751 1229 885 1291 incertos.

249 1369 253 1378 ·
293 1334 381 1396 NON.
399 1332 565 1411 Vetustiscere
581 1353 598 1387 a
613 1330 783 1409 veterascere.
801 1329 815 1412 ]
836 1330 951 1411 Quum

254 1420 333 1479 enim
353 1411 486 1472 nobilitas
507 1414 543 1471 sit
562 1411 633 1470 nihil
654 1411 756 1485 aliud,
776 1412 868 1493 quim
889 1434 946 1473 co-

253 1499 335 1581 ‚gnita
354 1497 445 1554 virtus
461 1512 470 1564 ;
490 1496 553 1573 quis
573 1494 602 1551 in
625 1511 685 1563 eo,
707 1512 799 1574 quem
817 1494 947 1554 veteras-
1018 1549 1021 1560 ,

250 1595 371 1639 ¹centem
392 1574 474 1636 videt
495 1573 531 1631 ad
555 1574 701 1655 gloriam,
728 1576 844 1655 generis
867 1576 948 1635 anti-
1018 1565 1022 1642 ἶ

257 1660 397 1741 quitatem
416 1653 583 1713 desideret?
914 1658 923 1671 ’

250 1766 253 1771 ·
299 1737 387 1798 NON.
411 1732 552 1814 Lutum]
579 1734 652 1793 Lura
675 1731 831 1795 &limum
851 1753 948 1817 agge·

257 1819 369 1880 rebant.

250 1935 359 2040 'nn
392 1977 438 2039 M.
471 1977 674 2050 niueum,
695 1996 733 2037 ex
751 1978 800 2038 tn.
821 1977 905 2038 vri.-

297 2077 388 2140 Non.
407 2078 549 2159 Experiri.
566 2086 578 2148 ]
598 2076 653 2135 His
685 2078 827 2137 contraria
854 2094 946 2159 arque
1021 2121 1023 2128 ·

258 2177 378 2241 parata.
404 2177 435 2219 ut
455 2157 510 2219 effe
533 2156 649 2232 solent,
669 2176 806 2239 expertus
823 2156 896 2220 sum.

330 2257 389 2320 An
417 2277 617 2333 Eunoen,
638 2278 679 2318 ex
697 2259 748 2319 lib.
772 2257 879 2321 VIIl.

300 2357 388 2419 Non.
413 2363 494 2418 Dore.
515 2357 641 2442 indag.]
664 2356 702 2419 Et
724 2358 806 2439 quod
828 2376 858 2419 te
879 2376 951 2421 tan·

261 2453 323 2500 turn
341 2455 442 2513 amat,
460 2458 493 2499 ut
513 2442 562 2504 vel
581 2460 629 2500 me
650 2440 754 2500 audeat
772 2460 946 2521 provocare.

301 2518 390 2581 Nou.
402 2524 505 2581 Amare
516 2568 527 2595 ,
544 2524 572 2582 δ’
584 2523 695 2601 diligere
705 2564 716 2591 ,
733 2521 762 2580 6·
775 2519 949 2600 contentus-l

260 2599 307 2661 Sic
324 2603 407 2683 igitur
423 2600 531 2676 facies,
549 2602 581 2662 &
600 2621 648 2660 me
666 2618 714 2660 aut
730 2601 864 2677 amabis,
880 2619 945 2674 aut,

199 2737 200 2741 ,
261 2687 320 2762 quo
339 2698 492 2742 contentus
511 2682 592 2755 sum,
611 2682 723 2764 diliges.
771 2701 774 2706 ·

303 2760 453 2837 Qurncr.
478 2763 527 2822 lib.
554 2783 598 2836 v,
619 2784 681 2821 ca.
715 2760 800 2843 ια]
830 2761 946 2822 Veritus
1027 2757 1032 2840 Ι

261 2837 375 2900 fortaffe
397 2886 406 2914 ,
435 2862 472 2902 ne
500 2864 554 2903 nos
584 2845 614 2901 in
644 2784 793 2903 gatonem
823 2842 949 2903 nostruin

261 2919 462 2981 transferamus
487 2924 558 2981 illim
578 2924 704 3002 aliquid:
725 2928 779 2984 etsi
798 2944 951 3004 argumen*

260 3019 321 3063 tum
343 3002 438 3063 simile
453 3024 513 3063 non
530 3020 601 3064 erat.
819 3057 822 3062 .

301 3081 453 3162 Qnrncn.
472 3086 520 3146 lib.
535 3102 619 3156 vni,
635 3106 697 3165 cap.
718 3090 771 3163 3.]
788 3082 864 3144 Nam
880 3082 945 3142 elo·

261 3168 425 3246 quendam,
445 3187 509 3245 quae
527 3166 749 3226 admirationem
765 3164 948 3236 nonhabet,

261 3246 367 3306 nullam
389 3245 500 3325 judico.

303 3326 450 3407 Qurncr.
472 3330 539 3387 ibid.
561 3325 578 3407 ]
593 3324 630 3387 Et
649 3346 717 3386 eum
740 3346 899 3399 amorem,
918 3324 950 3384 8(

261 3427 355 3481 enm,
384 3426 415 3468 ut
445 3408 501 3467 hoc
529 3408 623 3468 verbo
647 3423 734 3483 utar,
758 3407 897 3469 favorem
922 3409 955 3467 in

260 3490 411 3550 consilium
437 3490 602 3549 advocabo

299 3569 449 3648 Qunrcr.
467 3573 516 3630 lib.
538 3588 670 3649 1x‚cap.
694 3584 721 3648 3.
734 3567 756 3649 ]
773 3566 799 3629 E
822 3592 841 3629 o
862 3588 959 3652 quum

258 3650 287 3706 in
312 3654 431 3731 gratiam
455 3653 590 3711 redierim
615 3670 681 3710 curn
702 3648 763 3731 Ap.
793 3590 952 3724 glaudio,
