2409 5492
264 1247 336 1337 196
407 1236 779 1313 Ertsrorarrv'rr
803 1254 833 1269 ’·

257 1378 337 1420 meo.
352 1358 428 1420 -Non
449 1378 525 1441 queo
545 1357 626 1437 plura
647 1354 706 1433 iarn
720 1357 850 1421 scribere
861 1356 898 1433 ;i

257 1440 341 1519 pedit
365 1460 484 1499 moeror.
510 1434 558 1497 Tu
582 1438 653 1518 qnid
677 1441 793 1521 egeris,
815 1438 898 1501 nescir

255 1518 353 1579 utrem
368 1520 409 1579 215
450 1520 479 1579 ‘d
497 1534 620 1590 tenear,
640 1518 898 1599 an,·quod·metu

257 1600 343 1679 plane
363 1601 401 1661 sis
410 1540 549 1681 Ῥέοὶὶατα.
575 1596 737 1672 Pisonem,
762 1616 795 1659 ut
812 1598 898 1659 scribi

257 1678 341 1759 spero
368 1678 431 1740 fore
457 1679 571 1757 semper
589 1676 727 1737 nostrum.
755 1676 807 1739 De
832 1678 898 1739 frmi

257 1760 396 1835 liberata,
414 1761 486 1820 nihil
507 1756 547 1819 est
565 1758 647 1838 quod
668 1773 698 1818 te
721 1776 854 1820 moveat.
877 1756 898 1819 P

257 1841 366 1913 mim,
394 1842 449 1900 tuis
470 1843 509 1900 ita
528 1836 693 1918 promissum
712 1834 774 1912 est,
794 1856 825 1899 te
846 1836 898 1898 fra

258 1940 320 1979 ram
348 1918 404 1981 effe
432 1938 464 1980 ut
496 1918 612 1999 quisque
638 1916 710 1977 ess'et
737 1922 868 1979 meritus.

259 2018 362 2061 autem'
375 2004 407 2060 in
424 1999 525 2060 officio
549 1996 642 2057 adhuc
666 1996 806 2077 Orpheus
828 2018 839 2070 3
860 2018 898 2079 pr.

257 2098 337 2140 terea
359 2098 537 2161 magnopere
556 2096 654 2137 nemo.
680 2074 858 2138 Ceterorum
876 2076 898 2139 se

257 2180 364 2220 vorum
383 2180 417 2220 ea
443 2156 603 2230 causaest,
624 2174 682 2223 ut,
706 2159 837 2218 siresa
854 2158 898 2219 not

256 2238 391 2313 abesset,
411 2238 505 2299 liberti
524 2236 611 2297 nostri
629 2234 739 2310 effert,
762 2239 788 2298 si
805 2237 898 2298 obtin«

255 2316 440 2399 potuiffent3
468 2322 511 2377 sin
533 2318 569 2377 ad
589 2338 644 2377 nos
663 2320 865 2397 pertinerent,
881 2316 898 2377 fi

255 2402 383 2472 virent,
411 2416 602 2479 praeterquam
623 2397 737 2477 oppidb
761 2400 857 2479 pauci.
881 2398 898 2459 S

255 2479 319 2538 haec
337 2482 449 2539 minora
467 2477 539 2539 sunt.
562 2476 610 2537 Tu
630 2477 709 2558 qubd
728 2497 776 2538 me
793 2478 898 2538 hortari

256 2578 289 2621 ut
308 2563 404 2620 animo
430 2563 484 2620 sim
509 2578 638 2639 magno,
660 2558 693 2617 &
712 2555 793 2617 sem
813 2556 898 2617 haber

257 2641 461 2719 recuperanda
484 2638 606 2710 salutis3
632 2637 663 2698 id
683 2580 772 2697 vessm
799 2639 833 2699 sit
860 2634 898 2713 ejt

256 2722 359 2795 modi,
383 2738 415 2781 ut
435 2719 510 2781 reae
532 2718 644 2800 sperare
669 2722 822 2799 possimus.
849 2714 898 2777 Nu

257 2800 342 2859 miser
361 2801 476 2879 quando
498 2818 559 2859 tuas
577 2798 636 2877 jam
653 2798 760 2858 litteras
780 2800 898 2878 accipiar

258 2882 321 2956 quis
341 2881 376 2937 ad
396 2901 443 2939 me
464 2880 589 2957 perferet
611 2878 621 2938 ?
647 2898 716 2958 quas
736 2898 796 2959 ego
815 2877 898 2958 exspe

255 2956 355 3017 taffem
372 2958 535 3028 Brundisii,
552 2962 576 3018 si
593 2957 662 3018 effer
678 2960 787 3018 licitum
803 2977 857 3037 per
870 2980 898 3018 nr

257 3055 328 3110 tas,
350 3041 398 3118 qui
416 3037 616 3117 tempestatem
639 3041 859 3117 praetermittere
879 3060 898 3097 n

257 3118 381 3177 luerunt.
400 3116 495 3196 Quod
514 3119 656 3199 reliquum
677 3117 737 3194 est,
753 3117 898 3178 sustentat

258 3218 325 3258 mea
354 3197 524 3271 Terentia,
551 3218 583 3258 ut
605 3217 712 3277 potes:
741 3196 898 3257 honestissir

258 3282 383 3337 viximus
395 3324 404 3347 ‚
414 3281 578 3340 floruimus:
596 3299 656 3338 non
672 3280 773 3337 vitium
789 3275 898 3337 nostrus

258 3359 308 3419 sed
334 3362 423 3419 virtus
448 3359 542 3419 nostra
561 3379 616 3418 nos
640 3356 759 3416 afflixit:
786 3374 898 3437 peccate

258 3438 300 3499 est
319 3440 456 3513 nullum,
479 3442 533 3499 nisi
554 3438 634 3519 qubd
654 3459 713 3496 non
734 3437 791 3496 un&
812 3440 898 3497 anime

259 3540 326 3578 rum
350 3522 525 3578 ornamentis
546 3519 700 3594 amisimus.
730 3517 815 3590 Sed,
841 3517 898 3576 sir

258 3598 313 3658 fuit
340 3600 434 3660 liberis
462 3599 561 3660 nostris
588 3600 692 3681 gratius
721 3619 776 3657 nos
805 3598 898 3657 viver<

259 3694 382 3752 cetera,
409 3700 582 3762 quamquam
611 3677 728 3738 ferenda
756 3698 817 3737 non
845 3676 898 3737 sun

236 3804 244 3814 ..
259 3755 394 3825 feramus.
420 3758 518 3841 Atque
547 3781 604 3842 ego
638 3761 687 3840 qui
710 3776 739 3820 te
765 3755 898 3822 confirm*
