2409 5492
304 1257 792 1350 Au·Q.Fn.rrnsern.II.
817 1273 893 1354 345

210 1370 319 1432 minem
339 1392 483 1451 nequam,
504 1373 713 1454 Capitolini&
732 1375 896 1436 Mercuria-

210 1451 249 1511 les
273 1451 313 1511 de
338 1453 464 1534 collegio
486 1453 661 1530 ejecerunt,
693 1455 894 1536 praesentem,

210 1531 243 1590 ad
267 1531 362 1611 pedes
385 1533 599 1614 uniuscujusque
620 1532 773 1613 jacentem.

277 1658 459 1723 Marcus
500 1660 546 1742 Q.
588 1660 753 1723 Funrnr
795 1665 825 1727 S.

212 1789 256 1842 De
275 1792 344 1842 rebus
356 1792 475 1860 priuatis,
493 1793 613 1861 inprimis
627 1791 777 1862 sponsalibus
797 1797 821 1846 ὅ·
835 1796 893 1846 ndi-

214 1898 217 1903 ·
242 1865 363 1932 ficatione
382 1863 490 1931 scribit:
517 1863 620 1932 confidis
639 1867 736 1916 Lentuli
754 1868 896 1919 Marcellini

242 1936 268 1984 irr
288 1937 440 2005 impediendis
460 1937 548 2004 legibus
560 1938 699 2004 perniciosis
715 1941 828 2008 egregium
841 1941 894 2002 siu·

242 2009 326 2066 duem,
349 2009 371 2058 δ’
391 2009 441 2058 alia
460 2012 489 2059 de
504 2011 634 2078 republica.
655 2011 728 2062 Anno
745 2013 778 2063 U.
794 2017 821 2064 C.
835 2020 895 2079 697·

224 2163 252 2225 6.
276 2095 423 2226 Am
443 2166 521 2228 diem
536 2187 613 2229 vm.
632 2169 675 2229 ld.
696 2168 790 2250 April.
806 2169 893 2250 spon·

208 2243 272 2304 salia
300 2243 469 2326 Crassipedi
494 2250 629 2326 praebui:
658 2249 725 2309 huic
750 2254 890 2313 convivio

209 2345 279 2403 puer
308 2329 435 2406 optimus
467 2326 594 2405 Quintus
619 2345 706 2401 mus,
729 2330 891 2410 meusque,

208 2405 288 2483 quod
305 2407 462 2487 perleviter
481 2423 643 2467 commotus
661 2409 774 2483 fuerat,
790 2409 894 2472 defuit.

208 2485 246 2544 A.
268 2485 299 2545 d.
324 2505 372 2546 vr.
394 2486 438 2545 ld.
462 2485 556 2567 April.
577 2491 647 2548 veni
670 2489 707 2547 ad
727 2488 893 2567 Quintum,

208 2584 335 2647 eumque
359 2566 421 2627 vidi
443 2567 527 2646 plane
550 2569 693 2648 integrum
713 2585 722 2638 ;
750 2567 893 2628 multum-

207 2666 262 2724 que
280 2649 304 2705 is
322 2666 438 2707 mecum
455 2646 620 2706 sermonem
635 2647 755 2720 habuit,
775 2647 807 2706 δι
822 2667 894 2786 per-

208 2725 381 2800 humanum,
398 2726 434 2785 de
451 2725 598 2786 discordiis
613 2726 765 2785 mulierum
781 2748 820 2785 no
845 2749 894 2786 ra-

209 2826 281 2866 mm.
305 2806 389 2887 Quid
410 2805 532 2886 quaeris?
551 2806 621 2865 nihil
641 2803 777 2866 festivius.
794 2805 894 2869 ¹Pom-

229 2889 298 2946 onia
317 2904 415 2946 autem
435 2889 523 2945 etiam
544 2886 580 2946 de
598 2905 630 2947 te
648 2884 744 2967 questa
762 2884 821 2947 est:
841 2887 894 2949 sed

208 2907 269 3026 iaec
289 2966 389 3027 cotim
404 2986 532 3047 agemus.
550 2966 579 3026 A
594 2987 685 3047 puero
706 2984 737 3027 ut
755 2967 870 3029 discessi
880 3003 898 3043 ,-

209 3048 238 3106 in
262 3067 359 3108 aream
380 3065 459 3106 tuam
480 3047 568 3108 veni:
592 3068 638 3108 res
661 3048 797 3129 agebatur
816 3049 896 3108 mul-

208 3129 245 3188 tis
266 3125 458 3187 structoribus.
487 3127 652 3207 Longilium
677 3127 900 3207 redemptorem

209 3206 376 3269 cohortatus
400 3206 489 3266 sum:
519 3206 609 3266 fidem
627 3206 699 3265 mihi
719 3204 842 3267 faciebat
864 3206 900 3267 se

207 3288 285 3349 velle
306 3289 391 3348 nobis
410 3288 533 3367 placere.
555 3286 672 3347 Domus
691 3287 744 3345 erit
761 3287 899 3367 egregia:

209 3370 301 3450 magis
336 3370 415 3429 enim
449 3370 526 3428 cerni
555 3365 613 3444 jam
642 3383 784 3446 poterat,
807 3365 900 3447 quim

209 3467 348 3528 quantum
367 3467 403 3507 ex
420 3445 514 3507 forma
534 3446 741 3525 judicabamus.
761 3445 899 3526 Itemque

209 3526 306 3588 nostra
327 3529 459 3587 celeriter
480 3527 684 3588 adificabatur.
706 3525 750 3585 Eo
770 3525 817 3586 die
833 3533 902 3584 coe&v

209 3611 279 3669 navi
308 3608 385 3688 apud
416 3605 629 3686 Crassipedem.
661 3603 802 3666 Cornutus
827 3651 836 3678 ‚
865 3607 901 3667 in
932 3606 935 3611 ’

206 3688 309 3748 hortos
334 3689 372 3746 ad
398 3686 572 3768 Pompeium
602 3685 701 3745 leniet
727 3684 798 3744 latus
825 3683 901 3746 sum-¹

208 3767 371 3830 Lucceium
386 3771 543 3837 convenire
558 3788 618 3830 nou
633 3783 803 3906 potuepam,
817 3765 900 3849 quod

754 3868 776 3910 r
