2409 5492
342 1215 441 1310 96·
493 1217 878 1284 EmrorArwrr
945 1186 950 1193 ¹

343 1331 422 1389 enim
448 1325 590 1408 perfecisti
615 1372 625 1401 ‚
657 1348 688 1388 ut
717 1348 805 1389 nemo
834 1327 896 1385 sirie
924 1322 1027 1389 lituris

344 1413 417 1470 meis
429 1411 488 1470 ¹tibi
511 1406 538 1467 se
566 1409 801 1468 commendatum
821 1408 952 1486 putarem
965 1404 1037 1485 sed·

368 1491 409 1548 uis
430 1508 567 1568 umquam
583 1507 699 1548 tuorum
718 1489 790 1548 mihi
802 1487 876 1546 dixit
891 1484 969 1559 esse',
979 1484 1031 1549 3.·ιᾶ

345 1509 467 1642 darem,
484 1571 553 1649 quin
572 1569 722 1629 dederim?
742 1587 791 1629 aut
808 1566 879 1648 quid
897 1567 970 1626 mihi
981 1564 1032 1645 ju

348 1650 490 1722 madius,
512 1649 622 1729 quim,
642 1670 731 1729 quum
749 1648 850 1708 cordum·
865 1664 967 1706 recum
981 1646 1046 1707 ἰὼ.

348 1733 397 1809 qui
414 1751 474 1789 non
492 1730 623 1808 possim,
646 1748 694 1789 aut
710 1727 832 1789 scribere
850 1726 894 1786 'ad
910 1744 967 1801 xe,
979 1744 1037 1789 ¹aut-

348 1828 412 1871 tuas
435 1811 464 1871 le
486 1829 534 1871 ere
564 1809 703 1869 litteras?
740 1808 813 1868 Illud
839 1808 933 1888 magis
960 1807 1032 1867 mihi

349 1890 423 1951 solet
446 1830 501 1951 ede
524 1887 699 1962 molestum,
721 1892 806 1949 tumis
828 1907 876 1947 me
895 1886 1031 1968 impediu'

355 1971 615 2049 occupationibus,
639 1988 670 2029 ut
688 1970 726 2029 ad
745 1987 775 2030 te
798 1968 942 2029 scribendi
962 1974 1032 2029 meo

355 2053 489 2113 arbitratu
508 2048 625 2109 facultas
645 2050 723 2110 nulla
743 2051 834 2114 detur.
861 2046 933 2107 Non
953 2049 1043 2115 enim,

352 2147 381 2191 te
401 2128 550 2209 epistolis,
566 2128 617 2189 sed
632 2130 827 2191 voluminibus
845 2126 1032 2201 lacesserem

354 2210 457 2290 quibus
482 2209 600 2288 quidem
621 2230 670 2271 me
688 2233 704 2269 a
720 2229 749 2272 te
768 2210 923 2291 provocari
938 2226 1034 2291 opor·

354 2290 432 2351 rebat
450 2310 457 2348 :
476 2293 607 2370 quamvis
629 2293 717 2351 enim·
729 2308 883 2371 occupatus
904 2291 964 2361 sis,
981 2288 1034 2349 orii

277 2433 282 2442 ¹
355 2385 454 2430 tamen
473 2371 536 2450 plus
554 2370 663 2430 habes:
683 2389 731 2430 aut
749 2375 795 2446 si,
813 2391 850 2431 ne
867 2388 899 2430 tu
956 2370 1034 2430 'dem

300 2497 302 2501 .
354 2472 458 2524 vacas,
472 2452 534 2511 noli
550 2451 702 2530 impudens
717 2451 795 2524 effe,
813 2471 869 2511 nec
884 2451 925 2509 mi
946 2453 953 2466 '
970 2470 1035 2511 mo·

307 2600 309 2604 ,
356 2529 465 2591 lest'ram
488 2531 623 2590 exhibere
644 2577 653 2604 ‚
685 2533 820 2593 &ame
841 2531 947 2592 litteras
968 2550 1036 2591 cre-

356 2611 487 2683 briores,
504 2633 593 2692 quum
610 2629 642 2670 tu
656 2612 726 2670 mihi
743 2614 806 2671 rarb
824 2614 940 2686 mittas,
956 2612 1037 2693 flagi·

358 2709 429 2752 tare.
450 2690 527 2771 Nam
551 2713 641 2770 quum
660 2711 744 2753 antea
765 2691 916 2752 distinebar
939 2694 1036 2751 maxi·

294 2794 296 2799 ·
359 2774 413 2828 mis
435 2772 691 2851 occupationibus,
708 2791 863 2853 propterea
880 2772 962 2852 quud
974 2792 1038 2830 om·

358 2851 441 2908 nibus
467 2855 541 2910 curis
570 2854 777 2932 rempublicam
807 2854 877 2911 mihi
899 2851 1037 2912 tuendam

360 2930 517 3009 putabam3
538 2949 599 2990 tum
620 2933 677 2992 hoc
698 2952 854 3014 tempore,
874 2932 968 2992 multd
984 2930 1038 2991 dis·

359 3011 454 3069 tineor
462 3011 673 3073 vehementius.
683 3014 724 3072 Ur
735 3017 812 3073 enim
823 3014 938 3094 gravius
950 3032 1040 3095 aegro-

360 3093 483 3164 taurii,
509 3094 557 3171 qui
578 3115 667 3173 quum
692 3095 778 3155 levati
803 3094 908 3153 morbo
930 3094 1039 3153 videu-

361 3187 429 3244 tur,
448 3173 477 3231 in
500 3191 567 3230 eum
590 3173 626 3233 de
647 3177 760 3256 integro
782 3174 944 3233 inciderunt
962 3193 972 3245 ;
999 3175 1039 3233 sic

361 3252 560 3313 vehementius
581 3276 634 3313 nos
657 3255 838 3327 laboramus,
857 3256 924 3334 qui,
937 3253 1039 3333 profli-

383 3351 430 3392 ato
451 3333 550 3405 bello,
569 3355 601 3392 ac
623 3355 698 3412 pene
719 3335 849 3405 sublato,
867 3350 1040 3395 renovatum

362 3352 472 3471 {ellum
495 3433 594 3494 gerere
614 3435 760 3474 conamur.
781 3414 840 3474 Sed
859 3415 921 3472 haec
939 3411 1041 3473 hade-

363 3513 425 3550 nus.
445 3490 494 3551 Tu
519 3493 592 3566 tibi,
612 3496 652 3552 mi
673 3493 833 3567 Cornifici,
854 3494 900 3552 fac
918 3510 951 3553 ut
971 3513 1042 3574 per·

363 3571 500 3646 suadeas,
521 3593 580 3632 non
600 3572 655 3632 effe
675 3595 722 3634 me
740 3594 799 3634 tam
817 3574 966 3634 imbecillo
983 3574 1044 3633 ani-

364 3670 439 3725 mo,
457 3673 494 3713 ne
516 3654 610 3713 dicam
632 3654 788 3715 inhumano
804 3699 814 3727 ,
832 3669 865 3714 ut
885 3677 902 3714 a
921 3654 1042 3714 revinci

364 3736 545 3810 possim'aut
558 3732 687 3812 officiis,
709 3753 758 3800 aut
774 3753 885 3796 amore.
903 3732 975 3793 Non
995 3734 1045 3795 du·

915 3814 1046 3879 bitabam
