<?xml version="1.0" encoding="UTF-8"?>
<!DOCTYPE html PUBLIC "-//W3C//DTD XHTML 1.0 Transitional//EN"
    "http://www.w3.org/TR/xhtml1/DTD/xhtml1-transitional.dtd">
<html xmlns="http://www.w3.org/1999/xhtml" xml:lang="en" lang="en">
 <head>
  <title>
</title>
<meta http-equiv="Content-Type" content="text/html;charset=utf-8" />
  <meta name='ocr-system' content='tesseract 3.04.00' />
  <meta name='ocr-capabilities' content='ocr_page ocr_carea ocr_par ocr_line ocrx_word'/>
</head>
<body>
  <div class='ocr_page' id='page_1' title='image "./mtulliiciceroni09lallgoog/mtulliiciceroni09lallgoog_0307.png"; bbox 0 0 2409 5492; ppageno 0'>
   <div class='ocr_carea' id='block_1_1' title="bbox 213 1267 900 1465">
    <p class='ocr_par' dir='ltr' id='par_1_1' title="bbox 213 1267 900 1465">
     <span class='ocr_line' id='line_1_1' title="bbox 314 1267 900 1368; baseline 0.02 -35"><span class='ocrx_word' id='word_1_1' title='bbox 314 1270 378 1335; x_wconf 70' lang='lat' dir='ltr'>&#39;An</span> <span class='ocrx_word' id='word_1_2' title='bbox 395 1267 441 1357; x_wconf 85' lang='lat' dir='ltr'>Q.</span> <span class='ocrx_word' id='word_1_3' title='bbox 454 1270 651 1338; x_wconf 73' lang='lat' dir='ltr'><em>FRATREM</em></span> <span class='ocrx_word' id='word_1_4' title='bbox 664 1271 749 1343; x_wconf 81' lang='lat' dir='ltr'>Lrn.</span> <span class='ocrx_word' id='word_1_5' title='bbox 763 1273 791 1340; x_wconf 86' lang='lat'>1.</span> <span class='ocrx_word' id='word_1_6' title='bbox 824 1291 900 1368; x_wconf 81' lang='lat'>309</span> 
     </span>
     <span class='ocr_line' id='line_1_2' title="bbox 213 1378 900 1465; baseline 0.015 -25"><span class='ocrx_word' id='word_1_7' title='bbox 213 1378 333 1440; x_wconf 81' lang='lat' dir='ltr'>fortuna</span> <span class='ocrx_word' id='word_1_8' title='bbox 357 1379 506 1454; x_wconf 80' lang='lat' dir='ltr'>deduxit,</span> <span class='ocrx_word' id='word_1_9' title='bbox 536 1398 569 1442; x_wconf 92' lang='lat' dir='ltr'>ut</span> <span class='ocrx_word' id='word_1_10' title='bbox 594 1383 783 1465; x_wconf 89' lang='lat' dir='ltr'>sempiternus</span> <span class='ocrx_word' id='word_1_11' title='bbox 805 1387 900 1450; x_wconf 85' lang='lat' dir='ltr'>sermo</span> 
     </span>
    </p>
   </div>
   <div class='ocr_carea' id='block_1_2' title="bbox 164 1460 900 3775">
    <p class='ocr_par' dir='ltr' id='par_1_2' title="bbox 214 1460 900 1761">
     <span class='ocr_line' id='line_1_3' title="bbox 216 1460 900 1539; baseline 0.01 -20"><span class='ocrx_word' id='word_1_12' title='bbox 216 1461 370 1521; x_wconf 86' lang='lat' dir='ltr'>hominum</span> <span class='ocrx_word' id='word_1_13' title='bbox 393 1460 430 1520; x_wconf 93' lang='lat' dir='ltr'>de</span> <span class='ocrx_word' id='word_1_14' title='bbox 450 1462 534 1521; x_wconf 88' lang='lat' dir='ltr'>nobis</span> <span class='ocrx_word' id='word_1_15' title='bbox 560 1462 670 1526; x_wconf 87' lang='lat' dir='ltr'>futurus</span> <span class='ocrx_word' id='word_1_16' title='bbox 700 1470 763 1539; x_wconf 89' lang='lat' dir='ltr'>sit;</span> <span class='ocrx_word' id='word_1_17' title='bbox 790 1489 900 1529; x_wconf 81' lang='lat' dir='ltr'>cavea-</span> 
     </span>
     <span class='ocr_line' id='line_1_4' title="bbox 214 1540 899 1628; baseline 0.012 -27"><span class='ocrx_word' id='word_1_18' title='bbox 214 1561 300 1615; x_wconf 88' lang='lat' dir='ltr'>mus,</span> <span class='ocrx_word' id='word_1_19' title='bbox 316 1559 456 1621; x_wconf 87' lang='lat' dir='ltr'>quantum</span> <span class='ocrx_word' id='word_1_20' title='bbox 471 1540 585 1602; x_wconf 86' lang='lat' dir='ltr'>efficere</span> <span class='ocrx_word' id='word_1_21' title='bbox 602 1544 633 1602; x_wconf 91' lang='lat'>&amp;</span> <span class='ocrx_word' id='word_1_22' title='bbox 652 1546 785 1626; x_wconf 86' lang='lat' dir='ltr'>consequi</span> <span class='ocrx_word' id='word_1_23' title='bbox 803 1546 899 1628; x_wconf 83' lang='lat' dir='ltr'>poffu·</span> 
     </span>
     <span class='ocr_line' id='line_1_5' title="bbox 214 1622 900 1708; baseline 0.016 -29"><span class='ocrx_word' id='word_1_24' title='bbox 214 1633 278 1680; x_wconf 79' lang='lat' dir='ltr'>mus</span> <span class='ocrx_word' id='word_1_25' title='bbox 296 1665 307 1694; x_wconf 96' lang='lat'>,</span> <span class='ocrx_word' id='word_1_26' title='bbox 325 1637 359 1680; x_wconf 91' lang='lat' dir='ltr'>ut</span> <span class='ocrx_word' id='word_1_27' title='bbox 375 1622 508 1701; x_wconf 89' lang='lat' dir='ltr'>nequod</span> <span class='ocrx_word' id='word_1_28' title='bbox 525 1625 556 1681; x_wconf 93' lang='lat' dir='ltr'>in</span> <span class='ocrx_word' id='word_1_29' title='bbox 571 1624 655 1684; x_wconf 88' lang='lat' dir='ltr'>nobis</span> <span class='ocrx_word' id='word_1_30' title='bbox 672 1629 782 1708; x_wconf 81' lang='lat' dir='ltr'>insigne</span> <span class='ocrx_word' id='word_1_31' title='bbox 795 1631 900 1691; x_wconf 85' lang='lat' dir='ltr'>vitium</span> 
     </span>
     <span class='ocr_line' id='line_1_6' title="bbox 214 1699 437 1761; baseline -0.004 0"><span class='ocrx_word' id='word_1_32' title='bbox 214 1699 296 1761; x_wconf 79' lang='lat' dir='ltr'>fuisse</span> <span class='ocrx_word' id='word_1_33' title='bbox 317 1702 437 1761; x_wconf 89' lang='lat' dir='ltr'>dicatur.</span> 
     </span>
    </p>

    <p class='ocr_par' dir='ltr' id='par_1_3' title="bbox 164 1779 898 3775">
     <span class='ocr_line' id='line_1_7' title="bbox 258 1779 898 1863; baseline 0.009 -25"><span class='ocrx_word' id='word_1_34' title='bbox 258 1799 307 1861; x_wconf 83' lang='lat'>31.</span> <span class='ocrx_word' id='word_1_35' title='bbox 331 1779 435 1860; x_wconf 89' lang='lat' dir='ltr'><strong>Neque</strong></span> <span class='ocrx_word' id='word_1_36' title='bbox 455 1801 513 1863; x_wconf 84' lang='lat' dir='ltr'>ego</span> <span class='ocrx_word' id='word_1_37' title='bbox 540 1801 618 1841; x_wconf 92' lang='lat' dir='ltr'>nunc</span> <span class='ocrx_word' id='word_1_38' title='bbox 640 1782 696 1842; x_wconf 92' lang='lat' dir='ltr'>hoc</span> <span class='ocrx_word' id='word_1_39' title='bbox 720 1785 898 1858; x_wconf 69' lang='lat' dir='ltr'>contendo,</span> 
     </span>
     <span class='ocr_line' id='line_1_8' title="bbox 214 1859 897 1942; baseline 0.004 -21"><span class='ocrx_word' id='word_1_40' title='bbox 214 1860 298 1940; x_wconf 89' lang='lat' dir='ltr'>quod</span> <span class='ocrx_word' id='word_1_41' title='bbox 317 1859 432 1921; x_wconf 76' lang='lat' dir='ltr'>fortasse</span> <span class='ocrx_word' id='word_1_42' title='bbox 449 1882 537 1942; x_wconf 90' lang='lat' dir='ltr'>quum</span> <span class='ocrx_word' id='word_1_43' title='bbox 556 1865 586 1921; x_wconf 93' lang='lat' dir='ltr'>in</span> <span class='ocrx_word' id='word_1_44' title='bbox 602 1867 684 1922; x_wconf 92' lang='lat' dir='ltr'>omni</span> <span class='ocrx_word' id='word_1_45' title='bbox 698 1882 819 1938; x_wconf 87' lang='lat' dir='ltr'>natura,</span> <span class='ocrx_word' id='word_1_46' title='bbox 835 1883 897 1924; x_wconf 90' lang='lat' dir='ltr'>rum</span> 
     </span>
     <span class='ocr_line' id='line_1_9' title="bbox 214 1937 898 2019; baseline 0.007 -20"><span class='ocrx_word' id='word_1_47' title='bbox 214 1937 277 2019; x_wconf 84' lang='lat' dir='ltr'>jam</span> <span class='ocrx_word' id='word_1_48' title='bbox 298 1941 329 1999; x_wconf 89' lang='lat' dir='ltr'>in</span> <span class='ocrx_word' id='word_1_49' title='bbox 350 1939 444 2002; x_wconf 84' lang='lat' dir='ltr'>nostra</span> <span class='ocrx_word' id='word_1_50' title='bbox 463 1960 547 2002; x_wconf 85' lang='lat' dir='ltr'>aetate</span> <span class='ocrx_word' id='word_1_51' title='bbox 565 1941 680 2002; x_wconf 85' lang='lat' dir='ltr'>difficile</span> <span class='ocrx_word' id='word_1_52' title='bbox 700 1942 764 2018; x_wconf 89' lang='lat' dir='ltr'>est,</span> <span class='ocrx_word' id='word_1_53' title='bbox 786 1962 898 2004; x_wconf 86' lang='lat' dir='ltr'>mutare</span> 
     </span>
     <span class='ocr_line' id='line_1_10' title="bbox 214 2020 897 2103; baseline 0.006 -23"><span class='ocrx_word' id='word_1_54' title='bbox 214 2024 370 2096; x_wconf 84' lang='lat' dir='ltr'>animum,</span> <span class='ocrx_word' id='word_1_55' title='bbox 398 2022 431 2080; x_wconf 91' lang='lat'>&amp;</span> <span class='ocrx_word' id='word_1_56' title='bbox 455 2024 478 2080; x_wconf 92' lang='lat' dir='ltr'>si</span> <span class='ocrx_word' id='word_1_57' title='bbox 518 2023 567 2082; x_wconf 89' lang='lat' dir='ltr'>uid</span> <span class='ocrx_word' id='word_1_58' title='bbox 587 2020 628 2082; x_wconf 92' lang='lat' dir='ltr'>est</span> <span class='ocrx_word' id='word_1_59' title='bbox 649 2027 762 2103; x_wconf 85' lang='lat' dir='ltr'>penitus</span> <span class='ocrx_word' id='word_1_60' title='bbox 781 2027 897 2084; x_wconf 89' lang='lat' dir='ltr'>insitum</span> 
     </span>
     <span class='ocr_line' id='line_1_11' title="bbox 215 2043 896 2174; baseline 0.006 -14"><span class='ocrx_word' id='word_1_61' title='bbox 215 2099 372 2174; x_wconf 85' lang='lat' dir='ltr'>motibus,</span> <span class='ocrx_word' id='word_1_62' title='bbox 391 2102 421 2160; x_wconf 92' lang='lat' dir='ltr'>id</span> <span class='ocrx_word' id='word_1_63' title='bbox 439 2043 531 2161; x_wconf 55' lang='lat' dir='ltr'>subdi&gt;</span> <span class='ocrx_word' id='word_1_64' title='bbox 549 2103 696 2163; x_wconf 86' lang='lat' dir='ltr'>evellere:</span> <span class='ocrx_word' id='word_1_65' title='bbox 713 2105 762 2165; x_wconf 91' lang='lat' dir='ltr'>sed</span> <span class='ocrx_word' id='word_1_66' title='bbox 782 2122 810 2165; x_wconf 87' lang='lat' dir='ltr'>te</span> <span class='ocrx_word' id='word_1_67' title='bbox 825 2104 896 2164; x_wconf 88' lang='lat' dir='ltr'>illud</span> 
     </span>
     <span class='ocr_line' id='line_1_12' title="bbox 214 2180 896 2262; baseline 0.006 -22"><span class='ocrx_word' id='word_1_68' title='bbox 214 2180 386 2256; x_wconf 78' lang='lat' dir='ltr'>admoneo,</span> <span class='ocrx_word' id='word_1_69' title='bbox 414 2200 471 2255; x_wconf 89' lang='lat' dir='ltr'>ut,</span> <span class='ocrx_word' id='word_1_70' title='bbox 496 2185 520 2241; x_wconf 88' lang='lat' dir='ltr'>si</span> <span class='ocrx_word' id='word_1_71' title='bbox 538 2182 594 2241; x_wconf 91' lang='lat' dir='ltr'>hoc</span> <span class='ocrx_word' id='word_1_72' title='bbox 614 2184 700 2262; x_wconf 73' lang='lat' dir='ltr'>plene</span> <span class='ocrx_word' id='word_1_73' title='bbox 726 2188 815 2246; x_wconf 85' lang='lat' dir='ltr'>vitare</span> <span class='ocrx_word' id='word_1_74' title='bbox 835 2207 896 2245; x_wconf 92' lang='lat' dir='ltr'>non</span> 
     </span>
     <span class='ocr_line' id='line_1_13' title="bbox 214 2262 896 2343; baseline 0.006 -22"><span class='ocrx_word' id='word_1_75' title='bbox 214 2278 330 2341; x_wconf 88' lang='lat' dir='ltr'>potes,</span> <span class='ocrx_word' id='word_1_76' title='bbox 361 2262 441 2342; x_wconf 80' lang='lat' dir='ltr'>quod</span> <span class='ocrx_word' id='word_1_77' title='bbox 463 2263 528 2323; x_wconf 66' lang='lat' dir='ltr'>anri</span> <span class='ocrx_word' id='word_1_78' title='bbox 552 2283 707 2343; x_wconf 88' lang='lat' dir='ltr'>occupatur</span> <span class='ocrx_word' id='word_1_79' title='bbox 728 2269 837 2325; x_wconf 88' lang='lat' dir='ltr'>animus</span> <span class='ocrx_word' id='word_1_80' title='bbox 858 2267 896 2325; x_wconf 87' lang='lat' dir='ltr'>ab</span> 
     </span>
     <span class='ocr_line' id='line_1_14' title="bbox 214 2341 897 2424; baseline 0.006 -23"><span class='ocrx_word' id='word_1_81' title='bbox 214 2341 383 2414; x_wconf 84' lang='lat' dir='ltr'>iracundia,</span> <span class='ocrx_word' id='word_1_82' title='bbox 403 2341 490 2422; x_wconf 74' lang='lat' dir='ltr'>quim</span> <span class='ocrx_word' id='word_1_83' title='bbox 510 2343 663 2423; x_wconf 85' lang='lat' dir='ltr'>providere</span> <span class='ocrx_word' id='word_1_84' title='bbox 685 2347 757 2404; x_wconf 86' lang='lat' dir='ltr'>ratio</span> <span class='ocrx_word' id='word_1_85' title='bbox 782 2348 897 2424; x_wconf 89' lang='lat' dir='ltr'>potuit,</span> 
     </span>
     <span class='ocr_line' id='line_1_15' title="bbox 212 2426 897 2505; baseline 0.001 -22"><span class='ocrx_word' id='word_1_86' title='bbox 212 2441 252 2483; x_wconf 81' lang='lat' dir='ltr'>ne</span> <span class='ocrx_word' id='word_1_87' title='bbox 277 2441 497 2501; x_wconf 86' lang='lat' dir='ltr'>occuparetur;</span> <span class='ocrx_word' id='word_1_88' title='bbox 525 2439 557 2481; x_wconf 91' lang='lat' dir='ltr'>ut</span> <span class='ocrx_word' id='word_1_89' title='bbox 576 2440 605 2483; x_wconf 87' lang='lat' dir='ltr'>te</span> <span class='ocrx_word' id='word_1_90' title='bbox 625 2426 690 2484; x_wconf 75' lang='lat' dir='ltr'>ante</span> <span class='ocrx_word' id='word_1_91' title='bbox 718 2445 897 2505; x_wconf 85' lang='lat' dir='ltr'>compares,</span> 
     </span>
     <span class='ocr_line' id='line_1_16' title="bbox 213 2501 895 2583; baseline 0.003 -22"><span class='ocrx_word' id='word_1_92' title='bbox 213 2502 405 2583; x_wconf 86' lang='lat' dir='ltr'>quotidieque</span> <span class='ocrx_word' id='word_1_93' title='bbox 434 2502 605 2577; x_wconf 89' lang='lat' dir='ltr'>meditere,</span> <span class='ocrx_word' id='word_1_94' title='bbox 631 2501 815 2564; x_wconf 89' lang='lat' dir='ltr'>resistendum</span> <span class='ocrx_word' id='word_1_95' title='bbox 838 2503 895 2564; x_wconf 79' lang='lat' dir='ltr'>effe</span> 
     </span>
     <span class='ocr_line' id='line_1_17' title="bbox 164 2583 897 2663; baseline 0.001 -22"><span class='ocrx_word' id='word_1_96' title='bbox 164 2624 169 2641; x_wconf 81' lang='grc'>,</span> <span class='ocrx_word' id='word_1_97' title='bbox 213 2583 392 2654; x_wconf 82' lang='lat' dir='ltr'>iracundiae;</span> <span class='ocrx_word' id='word_1_98' title='bbox 408 2603 553 2663; x_wconf 90' lang='lat' dir='ltr'>quumque</span> <span class='ocrx_word' id='word_1_99' title='bbox 571 2604 606 2642; x_wconf 91' lang='lat' dir='ltr'>ea</span> <span class='ocrx_word' id='word_1_100' title='bbox 624 2585 747 2641; x_wconf 73' lang='lat' dir='ltr'>maxime</span> <span class='ocrx_word' id='word_1_101' title='bbox 769 2588 897 2643; x_wconf 86' lang='lat' dir='ltr'>animum</span> 
     </span>
     <span class='ocr_line' id='line_1_18' title="bbox 164 2662 897 2743; baseline -0.004 -21"><span class='ocrx_word' id='word_1_102' title='bbox 164 2686 165 2691; x_wconf 48' lang='lat'>¹</span> <span class='ocrx_word' id='word_1_103' title='bbox 214 2681 355 2738; x_wconf 80' lang='lat' dir='ltr'>moveat,</span> <span class='ocrx_word' id='word_1_104' title='bbox 376 2681 438 2722; x_wconf 90' lang='lat' dir='ltr'>turn</span> <span class='ocrx_word' id='word_1_105' title='bbox 458 2663 511 2721; x_wconf 91' lang='lat' dir='ltr'>tibi</span> <span class='ocrx_word' id='word_1_106' title='bbox 530 2662 585 2724; x_wconf 78' lang='lat' dir='ltr'>effe</span> <span class='ocrx_word' id='word_1_107' title='bbox 604 2663 819 2743; x_wconf 76' lang='lat' dir='ltr'>diligentissime</span> <span class='ocrx_word' id='word_1_108' title='bbox 840 2664 897 2720; x_wconf 91' lang='lat' dir='ltr'>lin-</span> 
     </span>
     <span class='ocr_line' id='line_1_19' title="bbox 215 2742 896 2824; baseline -0.001 -21"><span class='ocrx_word' id='word_1_109' title='bbox 215 2763 303 2824; x_wconf 78' lang='lat' dir='ltr'>guam</span> <span class='ocrx_word' id='word_1_110' title='bbox 329 2743 533 2802; x_wconf 90' lang='lat' dir='ltr'>continendam</span> <span class='ocrx_word' id='word_1_111' title='bbox 557 2764 564 2801; x_wconf 73' lang='grc' dir='ltr'><strong>ε</strong></span> <span class='ocrx_word' id='word_1_112' title='bbox 590 2763 654 2822; x_wconf 84' lang='lat' dir='ltr'>quae</span> <span class='ocrx_word' id='word_1_113' title='bbox 681 2742 797 2821; x_wconf 88' lang='lat' dir='ltr'>quidem</span> <span class='ocrx_word' id='word_1_114' title='bbox 826 2743 896 2802; x_wconf 88' lang='lat' dir='ltr'>mihi</span> 
     </span>
     <span class='ocr_line' id='line_1_20' title="bbox 215 2823 896 2902; baseline -0.006 -18"><span class='ocrx_word' id='word_1_115' title='bbox 215 2826 306 2884; x_wconf 79' lang='lat' dir='ltr'>virtus</span> <span class='ocrx_word' id='word_1_116' title='bbox 321 2844 382 2883; x_wconf 90' lang='lat' dir='ltr'>non</span> <span class='ocrx_word' id='word_1_117' title='bbox 397 2823 540 2882; x_wconf 88' lang='lat' dir='ltr'>interdum</span> <span class='ocrx_word' id='word_1_118' title='bbox 555 2826 649 2882; x_wconf 89' lang='lat' dir='ltr'>minor</span> <span class='ocrx_word' id='word_1_119' title='bbox 661 2823 790 2894; x_wconf 88' lang='lat' dir='ltr'>videtur,</span> <span class='ocrx_word' id='word_1_120' title='bbox 809 2823 896 2902; x_wconf 73' lang='lat' dir='ltr'>quim</span> 
     </span>
     <span class='ocr_line' id='line_1_21' title="bbox 217 2901 895 2964; baseline -0.006 0"><span class='ocrx_word' id='word_1_121' title='bbox 217 2907 338 2964; x_wconf 86' lang='lat' dir='ltr'>omnino</span> <span class='ocrx_word' id='word_1_122' title='bbox 358 2923 419 2962; x_wconf 93' lang='lat' dir='ltr'>non</span> <span class='ocrx_word' id='word_1_123' title='bbox 439 2902 527 2962; x_wconf 83' lang='lat' dir='ltr'>irasci.</span> <span class='ocrx_word' id='word_1_124' title='bbox 541 2903 617 2963; x_wconf 89' lang='lat' dir='ltr'>Nam</span> <span class='ocrx_word' id='word_1_125' title='bbox 634 2903 703 2962; x_wconf 91' lang='lat' dir='ltr'>illud</span> <span class='ocrx_word' id='word_1_126' title='bbox 723 2924 783 2961; x_wconf 91' lang='lat' dir='ltr'>non</span> <span class='ocrx_word' id='word_1_127' title='bbox 803 2901 895 2963; x_wconf 83' lang='lat' dir='ltr'>solirtn</span> 
     </span>
     <span class='ocr_line' id='line_1_22' title="bbox 217 2981 895 3067; baseline 0 -24"><span class='ocrx_word' id='word_1_128' title='bbox 217 2981 257 3044; x_wconf 84' lang='lat' dir='ltr'>est</span> <span class='ocrx_word' id='word_1_129' title='bbox 283 2986 457 3067; x_wconf 83' lang='lat' dir='ltr'>gravitatis,</span> <span class='ocrx_word' id='word_1_130' title='bbox 485 2981 534 3043; x_wconf 91' lang='lat' dir='ltr'>sed</span> <span class='ocrx_word' id='word_1_131' title='bbox 563 3003 779 3062; x_wconf 87' lang='lat' dir='ltr'>nonnumquam</span> <span class='ocrx_word' id='word_1_132' title='bbox 806 2987 895 3044; x_wconf 86' lang='lat' dir='ltr'>etiam</span> 
     </span>
     <span class='ocr_line' id='line_1_23' title="bbox 164 3063 896 3147; baseline 0.001 -25"><span class='ocrx_word' id='word_1_133' title='bbox 164 3094 167 3147; x_wconf 44' lang='lat' dir='ltr'><em>g</em></span> <span class='ocrx_word' id='word_1_134' title='bbox 217 3064 412 3124; x_wconf 80' lang='lat' dir='ltr'>lentitudinis:</span> <span class='ocrx_word' id='word_1_135' title='bbox 431 3063 575 3123; x_wconf 85' lang='lat' dir='ltr'>moderati</span> <span class='ocrx_word' id='word_1_136' title='bbox 591 3065 664 3123; x_wconf 81' lang='lat' dir='ltr'>veri)</span> <span class='ocrx_word' id='word_1_137' title='bbox 684 3065 714 3123; x_wconf 90' lang='lat'>&amp;</span> <span class='ocrx_word' id='word_1_138' title='bbox 733 3069 849 3136; x_wconf 86' lang='lat' dir='ltr'>animo,</span> <span class='ocrx_word' id='word_1_139' title='bbox 864 3065 896 3123; x_wconf 88' lang='lat'>&amp;</span> 
     </span>
     <span class='ocr_line' id='line_1_24' title="bbox 218 3145 892 3223; baseline -0.003 -20"><span class='ocrx_word' id='word_1_140' title='bbox 218 3146 375 3216; x_wconf 79' lang='lat' dir='ltr'>orationi,</span> <span class='ocrx_word' id='word_1_141' title='bbox 403 3164 492 3223; x_wconf 92' lang='lat' dir='ltr'>quum</span> <span class='ocrx_word' id='word_1_142' title='bbox 519 3146 557 3203; x_wconf 86' lang='lat' dir='ltr'>sis</span> <span class='ocrx_word' id='word_1_143' title='bbox 583 3145 696 3215; x_wconf 81' lang='lat' dir='ltr'>iratus,</span> <span class='ocrx_word' id='word_1_144' title='bbox 725 3161 775 3212; x_wconf 51' lang='lat' dir='ltr'>¹aut</span> <span class='ocrx_word' id='word_1_145' title='bbox 804 3147 892 3203; x_wconf 85' lang='lat' dir='ltr'>etiam</span> 
     </span>
     <span class='ocr_line' id='line_1_25' title="bbox 169 3219 895 3302; baseline -0.001 -19"><span class='ocrx_word' id='word_1_146' title='bbox 169 3242 171 3247; x_wconf 88' lang='lat'>·</span> <span class='ocrx_word' id='word_1_147' title='bbox 219 3241 334 3296; x_wconf 78' lang='lat' dir='ltr'>tacere,</span> <span class='ocrx_word' id='word_1_148' title='bbox 354 3225 386 3282; x_wconf 73' lang='grc' dir='ltr'>δι</span> <span class='ocrx_word' id='word_1_149' title='bbox 403 3242 502 3283; x_wconf 87' lang='lat' dir='ltr'>tenere</span> <span class='ocrx_word' id='word_1_150' title='bbox 518 3225 547 3282; x_wconf 90' lang='lat' dir='ltr'>in</span> <span class='ocrx_word' id='word_1_151' title='bbox 565 3221 614 3281; x_wconf 88' lang='lat' dir='ltr'>sua</span> <span class='ocrx_word' id='word_1_152' title='bbox 629 3219 768 3302; x_wconf 83' lang='lat' dir='ltr'>potestate</span> <span class='ocrx_word' id='word_1_153' title='bbox 783 3240 895 3282; x_wconf 90' lang='lat' dir='ltr'>motum</span> 
     </span>
     <span class='ocr_line' id='line_1_26' title="bbox 172 3299 896 3380; baseline 0 -19"><span class='ocrx_word' id='word_1_154' title='bbox 172 3306 174 3311; x_wconf 84' lang='lat'>&#39;</span> <span class='ocrx_word' id='word_1_155' title='bbox 219 3306 304 3363; x_wconf 82' lang='lat' dir='ltr'>animi</span> <span class='ocrx_word' id='word_1_156' title='bbox 325 3303 358 3363; x_wconf 76' lang='grc' dir='ltr'>δι</span> <span class='ocrx_word' id='word_1_157' title='bbox 379 3302 532 3376; x_wconf 85' lang='lat' dir='ltr'>dolorem,</span> <span class='ocrx_word' id='word_1_158' title='bbox 550 3305 603 3363; x_wconf 87' lang='lat' dir='ltr'>etsi</span> <span class='ocrx_word' id='word_1_159' title='bbox 624 3324 684 3361; x_wconf 91' lang='lat' dir='ltr'>non</span> <span class='ocrx_word' id='word_1_160' title='bbox 705 3299 745 3360; x_wconf 83' lang='lat' dir='ltr'>est</span> <span class='ocrx_word' id='word_1_161' title='bbox 763 3301 896 3380; x_wconf 66' lang='lat' dir='ltr'>persediae</span> 
     </span>
     <span class='ocr_line' id='line_1_27' title="bbox 220 3380 896 3462; baseline -0.004 -21"><span class='ocrx_word' id='word_1_162' title='bbox 220 3381 362 3462; x_wconf 79' lang='lat' dir='ltr'>sapienriae</span> <span class='ocrx_word' id='word_1_163' title='bbox 377 3428 387 3456; x_wconf 93' lang='lat'>,</span> <span class='ocrx_word' id='word_1_164' title='bbox 405 3399 501 3443; x_wconf 86' lang='lat' dir='ltr'>tamen</span> <span class='ocrx_word' id='word_1_165' title='bbox 524 3380 564 3443; x_wconf 89' lang='lat' dir='ltr'>est</span> <span class='ocrx_word' id='word_1_166' title='bbox 588 3403 648 3441; x_wconf 93' lang='lat' dir='ltr'>non</span> <span class='ocrx_word' id='word_1_167' title='bbox 672 3381 823 3440; x_wconf 90' lang='lat' dir='ltr'>mediocris</span> <span class='ocrx_word' id='word_1_168' title='bbox 849 3384 896 3439; x_wconf 91' lang='lat' dir='ltr'>in·</span> 
     </span>
     <span class='ocr_line' id='line_1_28' title="bbox 222 3459 895 3549; baseline -0.003 -26"><span class='ocrx_word' id='word_1_169' title='bbox 222 3467 305 3549; x_wconf 70' lang='lat' dir='ltr'>genii.</span> <span class='ocrx_word' id='word_1_170' title='bbox 322 3463 422 3543; x_wconf 86' lang='lat' dir='ltr'>Atque</span> <span class='ocrx_word' id='word_1_171' title='bbox 441 3467 470 3522; x_wconf 91' lang='lat' dir='ltr'>in</span> <span class='ocrx_word' id='word_1_172' title='bbox 488 3464 544 3529; x_wconf 87' lang='lat' dir='ltr'>hoc</span> <span class='ocrx_word' id='word_1_173' title='bbox 565 3480 671 3542; x_wconf 88' lang='lat' dir='ltr'>genere</span> <span class='ocrx_word' id='word_1_174' title='bbox 688 3461 781 3520; x_wconf 80' lang='lat' dir='ltr'>multi)</span> <span class='ocrx_word' id='word_1_175' title='bbox 797 3481 825 3521; x_wconf 87' lang='lat' dir='ltr'>te</span> <span class='ocrx_word' id='word_1_176' title='bbox 839 3459 895 3521; x_wconf 81' lang='lat' dir='ltr'>effe</span> 
     </span>
     <span class='ocr_line' id='line_1_29' title="bbox 221 3544 897 3622; baseline -0.004 -22"><span class='ocrx_word' id='word_1_177' title='bbox 221 3562 276 3619; x_wconf 73' lang='lat' dir='ltr'>lam</span> <span class='ocrx_word' id='word_1_178' title='bbox 307 3545 564 3614; x_wconf 82' lang='lat' dir='ltr'>commodiorem,</span> <span class='ocrx_word' id='word_1_179' title='bbox 589 3544 790 3622; x_wconf 89' lang='lat' dir='ltr'>mitioremque</span> <span class='ocrx_word' id='word_1_180' title='bbox 818 3562 897 3599; x_wconf 90' lang='lat' dir='ltr'>nun-</span> 
     </span>
     <span class='ocr_line' id='line_1_30' title="bbox 222 3621 897 3683; baseline 0 -3"><span class='ocrx_word' id='word_1_181' title='bbox 222 3622 299 3682; x_wconf 81' lang='lat' dir='ltr'>tiant.</span> <span class='ocrx_word' id='word_1_182' title='bbox 332 3621 428 3682; x_wconf 85' lang='lat' dir='ltr'>Nullae</span> <span class='ocrx_word' id='word_1_183' title='bbox 461 3640 516 3683; x_wconf 84' lang='lat' dir='ltr'>tuae</span> <span class='ocrx_word' id='word_1_184' title='bbox 546 3621 778 3682; x_wconf 87' lang='lat' dir='ltr'>vehementiores</span> <span class='ocrx_word' id='word_1_185' title='bbox 810 3622 897 3680; x_wconf 88' lang='lat' dir='ltr'>animi</span> 
     </span>
     <span class='ocr_line' id='line_1_31' title="bbox 223 3699 897 3775; baseline -0.001 -17"><span class='ocrx_word' id='word_1_186' title='bbox 223 3704 453 3775; x_wconf 82' lang='lat' dir='ltr'>concitationes,</span> <span class='ocrx_word' id='word_1_187' title='bbox 480 3702 557 3762; x_wconf 87' lang='lat' dir='ltr'>nulla</span> <span class='ocrx_word' id='word_1_188' title='bbox 584 3699 734 3760; x_wconf 70' lang='lat' dir='ltr'>maledidia</span> <span class='ocrx_word' id='word_1_189' title='bbox 758 3699 794 3758; x_wconf 84' lang='lat' dir='ltr'>ad</span> <span class='ocrx_word' id='word_1_190' title='bbox 815 3721 897 3773; x_wconf 87' lang='lat' dir='ltr'>nos,</span> 
     </span>
    </p>
   </div>
   <div class='ocr_carea' id='block_1_3' title="bbox 163 3780 898 3864">
    <p class='ocr_par' dir='ltr' id='par_1_4' title="bbox 163 3780 898 3864">
     <span class='ocr_line' id='line_1_32' title="bbox 163 3780 898 3864; baseline 0 -23"><span class='ocrx_word' id='word_1_191' title='bbox 163 3801 167 3814; x_wconf 83' lang='grc'><strong><em>·</em></strong></span> <span class='ocrx_word' id='word_1_192' title='bbox 223 3782 305 3842; x_wconf 81' lang='lat' dir='ltr'>uullae</span> <span class='ocrx_word' id='word_1_193' title='bbox 322 3783 506 3858; x_wconf 84' lang='lat' dir='ltr'>contumeliae</span> <span class='ocrx_word' id='word_1_194' title='bbox 522 3780 717 3864; x_wconf 81' lang='lat' dir='ltr'>perferuntur:</span> <span class='ocrx_word' id='word_1_195' title='bbox 731 3799 794 3862; x_wconf 86' lang='lat' dir='ltr'>quae</span> <span class='ocrx_word' id='word_1_196' title='bbox 809 3799 898 3862; x_wconf 90' lang='lat' dir='ltr'>quum</span> 
     </span>
    </p>
   </div>
   <div class='ocr_carea' id='block_1_4' title="bbox 0 0 1223 5492">
    <p class='ocr_par' dir='ltr' id='par_1_5' title="bbox 0 0 1223 5492">
     <span class='ocr_line' id='line_1_33' title="bbox 0 0 1223 5492; baseline 0 0"><span class='ocrx_word' id='word_1_197' title='bbox 0 0 1223 5492; x_wconf 95' lang='lat' dir='ltr'> </span> 
     </span>
    </p>
   </div>
  </div>
 </body>
</html>
