2409 5492
346 1185 410 1258 :in
425 1188 655 1261 FAnrrern,
669 1188 758 1261 ιιι).
772 1189 861 1262 XII.
890 1211 944 1287 97

260 1301 385 1366 litabam
416 1302 583 1383 equidem:
616 1322 818 1366 verumtamen
851 1312 946 1372 multb

254 1387 332 1445 mibi·
342 1384 494 1446 notiorem
512 1401 649 1443 amorem.
659 1401 740 1444 tuum
754 1383 850 1448 effecit
863 1387 944 1451 Che-

262 1468 363 1547 rippus.
397 1463 432 1524 O
459 1463 610 1523 hominem
637 1463 750 1545 semper
771 1467 853 1526 illurn
915 1474 946 1520 ’-

262 1546 323 1606 dem
345 1545 421 1605 mibi
445 1561 567 1624 aptum,
588 1565 666 1603 nunc
684 1546 860 1607 verbenam
874 1492 946 1611 bide-

262 1626 343 1689 rem!
373 1624 487 1685 Vultus
514 1623 679 1684 mehercule
705 1643 770 1686 tuos
796 1629 866 1688 mihi
886 1647 948 1694 err-¹

260 1709 359 1788 pressit
388 1725 526 1776 omnes,
554 1724 616 1764 non
642 1704 734 1766 solbm
759 1710 887 1769 animum
909 1736 946 1775 ac

266 1787 346 1848 verba
385 1785 496 1848 errulir.
509 1783 612 1865 ltaque
629 1786 690 1844 noli
707 1790 822 1860 vereri,
840 1810 877 1851 ne
893 1794 947 1856 ribi

268 1807 494 1940 smcenKrerim
514 1865 595 1945 qubd
618 1866 728 1925 eodeni
752 1871 888 1948 exemplo
909 1873 949 1935 ad

266 1967 329 2023 me,
348 1967 410 2028 quo
430 1946 470 2006 ad
490 1962 614 2006 ceteros.
639 1944 791 2026 Requisivi
806 1952 949 2032 equidem

264 2031 388 2109 proprias
412 2026 453 2086 ad
481 2044 531 2087 me
556 2045 646 2085 unum
666 2027 798 2102 litteras,
819 2029 869 2091 sed
891 2055 949 2095 ne.

241 2154 243 2159 -
264 2128 313 2188 que
324 2108 537 2181 vehementer,
549 2105 585 2165 ὅ(
600 2125 737 2179 amanter.
748 2107 798 2168 De
814 2109 947 2193 sumptu,

263 2207 345 2270 quem
366 2206 396 2249 te
419 2191 452 2248 in
473 2207 537 2247 rem
556 2188 709 2249 militarem
730 2187 826 2251 facere
847 2193 880 2268 δι
899 2194 947 2257 fe-

264 2268 326 2331 cille
344 2269 442 2343 dicis,
464 2268 537 2328 nihil
555 2265 623 2331 san'e
644 2267 754 2349 possum
772 2272 823 2331 tibi
839 2276 946 2354 opitu.

268 2348 334 2425 leri,
359 2368 521 2431 propterea
544 2349 625 2430 qubd
647 2349 679 2410 δι
700 2351 786 2411 orbus
809 2351 921 2417 senatus
935 2368 953 2434 ‚⁴

271 2430 423 2492 consulibus
447 2431 576 2503 amissis,
596 2430 630 2491 ὅ(
645 2431 828 2492 incredibiles
848 2438 951 2518 angus·

269 2511 311 2571 tie
332 2511 466 2593 pecuniae
491 2509 645 2591 publicae3
675 2531 740 2591 quae
769 2518 949 2592 conquiritur

268 2592 410 2673 undique,
426 2608 460 2666 ut
474 2591 587 2671 optime
600 2593 711 2651 meritis
726 2591 863 2654 militibus
879 2617 951 2676 pro·

270 2672 350 2733 milla
366 2673 513 2734 solvantur
533 2693 541 2731 ε
563 2672 643 2752 quod
666 2672 785 2752 quidem
806 2671 869 2734 fieri
886 2677 951 2740 sine

270 2754 376 2820 tributo
391 2751 467 2832 polle
482 2773 544 2812 non
559 2753 691 2813 arbitror.
705 2750 756 2833 De
770 2751 855 2814 Atlio
870 2754 947 2820 Dio·

269 2830 948 2987 ill§illifidffiuifferizqimiiicfflhill

267 2994 317 3096 ribi
341 2995 473 3075 concedo
498 3037 508 3067 ,
531 2995 592 3076 qub
618 2993 771 3088 studiosior
793 2995 854 3076 ejus
881 3004 948 3080 sis,

266 3094 393 3218 rer
434 3072 948 3238 studentium&

265 3235 304 3303 de
323 3234 502 3318 proferendo
529 3236 601 3309 die,
631 3239 828 3317 probauerunt
850 3242 950 3318 mihi,

266 3314 346 3389 sese,
365 3317 535 3399 quiiminus
549 3315 580 3376 id
594 3314 723 3387 facerent
732 3316 793 3393 ,'&
810 3341 949 3403 compro,

270 3394 381 3475 millo,
409 3393 650 3485 &jurejurando
676 3401 819 3480 impediri,
843 3400 949 3479 Quare

267 3478 442 3539 ,veniendum
457 3480 581 3540 arbitror
595 3478 739 3540 Lucceio:
756 3501 948 3563 quamquam,

266 3559 291 3616 si
311 3561 380 3619 meis
402 3558 504 3625 litteris
531 3562 775 3640 obtemperavit,
806 3581 894 3641 quum
915 3584 948 3643 ru

264 3636 329 3707 baec
347 3641 426 3722 leges
448 3686 458 3717 ,
484 3641 568 3700 illum
586 3641 691 3700 Romae
709 3639 765 3700 elle
787 3647 946 3721 oportebit.

262 3715 380 3781 Ceteris
401 3724 437 3782 de
463 3722 574 3796 rebus,
592 3721 776 3805 maximeque
796 3723 832 3784 de
852 3748 945 3819 pecuz

269 3798 271 3803 ’
303 3804 408 3867 Tonas
425 3803 502 3883 XII.
804 3802 829 3871 Ε
