2409 5492
195 1249 271 1347 376
337 1247 721 1315 Earsrotrnum·
782 1278 785 1283 ·

191 1366 290 1427 video.
313 1359 418 1421 Cetera
439 1353 500 1433 ejus
519 1355 668 1436 suscipio,
693 1372 727 1416 ut
747 1373 797 1416 me
820 1364 880 1437 pu?

192 1438 613 1583 teisPsi‘saiiiiiiirsiessgsreaidhuc
624 1515 765 1611 ¹fassiones
772 1514 880 1614 postu·-¹

190 1596 881 1761 lsireiaiisssllinssllsr.fllso’tll'

191 1762 277 1821 bonis¹
298 1760 533 1840 subscriptoribus
555 1778 562 1816 :
583 1756 621 1818 C.
644 1756 803 1817 Memmius
825 1759 882 1817 tri-

192 1842 288 1902 bunus
307 1840 399 1920 plebis
425 1860 491 1899 cum
514 1837 549 1897 L.
570 1836 728 1916 Capitone.
755 1838 804 1897 Ad
828 1858 883 1897 ur·

194 1922 264 1982 bem
286 1923 405 1981 accessit
423 1941 449 1978 a.
469 1919 497 1978 d.
516 1936 566 1977 xu
586 1918 653 1979 Kal.
667 1917 791 1979 Osiobr.
822 1916 882 1978 Ni·

195 2003 235 2063 hil
255 2005 387 2080 turpius,
405 2021 458 2059 nec
480 1998 639 2059 desertius:
661 1997 710 2059 sed
734 1999 778 2057 his
801 1996 881 2073 judi·

195 2085 245 2141 ciis
257 2083 326 2140 nihil
336 2081 430 2140 audeo
445 2077 602 2139 considere.
613 2077 704 2157 Qubd
726 2077 802 2137 Cato
815 2098 878 2138 non

194 2163 327 2232 valebat,
345 2161 437 2219 adhuc
449 2160 485 2219 de
500 2161 628 2238 pecuniis
639 2158 801 2238 repetundis
812 2177 876 2217 non

194 2257 256 2301 erat
273 2239 440 2319 postulatus.
455 2238 786 2320 Pompeiusamevalde
800 2257 878 2297 con·

195 2320 289 2381 tendit
315 2321 352 2380 de
376 2320 470 2380 reditu
487 2324 517 2379 in
540 2323 686 2402 gratiam,
711 2317 763 2378 sed
788 2318 882 2378 adhuc

195 2401 266 2461 nihil
287 2400 411 2482 profecit
428 2421 437 2471 ;
456 2421 530 2473 nec,
549 2403 571 2459 si
594 2401 680 2461 ullam
701 2417 817 2478 partem
843 2400 884 2457 li·

197 2483 315 2543 bertatis
339 2484 471 2554 tenebo,
518 2479 638 2541 rosiciet.
665 2479 750 2538 ‘suas
775 2482 883 2541 litteras

197 2561 388 2623 vehemenier
404 2504 546 2640 exspesio.
566 2560 661 2638 Quod
676 2560 773 2619 scribis
786 2577 816 2621 te
828 2581 884 2619 au-

198 2642 268 2705 disse
281 2647 310 2703 in
327 2644 541 2702 candidatorum
555 2641 747 2700 consularium
757 2641 883 2701 coitione

198 2744 246 2784 me
270 2722 448 2794 interfuisse,
472 2723 502 2781 id
523 2721 623 2781 salsum
647 2719 715 2780 est:
741 2719 882 2795 ejusmodi

198 2808 276 2862 enim
294 2803 438 2884 passiones
453 2806 483 2861 in
501 2823 536 2862 ea
557 2805 685 2862 coitione
700 2801 782 2860 sasiae
795 2801 879 2875 sunt,

197 2904 267 2961 quas
279 2882 377 2961 postea
394 2884 551 2941 Memmius
573 2882 730 2961 patefecit,
752 2900 784 2941 ut
796 2902 883 2941 nemo

197 2963 290 3021 bonus
317 2961 447 3022 interesse
472 2964 603 3022 debuerit
628 2986 634 3019 :
657 2964 688 3021 dc
710 2965 795 3022 simul
814 2962 885 3021 mihi

198 3043 439 3109 committendum
457 3043 605 3114 nonfuit,
627 3062 658 3101 ut
678 3043 722 3101 his
743 3044 886 3102 coitioni-

197 3122 250 3182 bus
274 3121 459 3194 interessem,
479 3123 580 3202 quibus
595 3121 725 3182 Messalla
745 3124 885 3183 exclude·

198 3224 301 3264 retur:
324 3206 369 3262 cui
391 3204 508 3282 quidem
528 3205 719 3263 vehementer
741 3202 885 3264 satisfacio

198 3286 283 3344 rebus
301 3285 434 3342 omnibus
453 3307 459 3341 :
478 3300 510 3343 ut
528 3285 670 3355 arbitror,
684 3287 774 3342 etiam
789 3285 887 3344 Mem·

199 3368 269 3424 mie.
292 3363 428 3424 Domitio
449 3367 502 3441 ipsi
524 3366 612 3423 multa
639 3362 698 3441 jam
716 3365 796 3437 feci,
819 3384 884 3445 quas

199 3447 291 3505 voluit
304 3490 313 3518 ,
326 3465 446 3524 quaeque
458 3468 473 3503 a
483 3465 530 3504 me
547 3448 659 3523 petivit.
680 3443 821 3504 Scaurum
833 3446 885 3506 be·

200 3525 305 3586 nesicio
323 3525 498 3585 defensionis
515 3526 601 3584 valde
621 3525 762 3663 obligavi.
783 3526 886 3586 Adhuc

201 3625 261 3665 erat
283 3608 367 3666 valde
387 3610 526 3665 incertum
548 3607 577 3664 &
600 3626 674 3696 quan
698 3628 717 3663 o
744 3610 886 3680 comitia,

201 3685 299 3764 &qui
320 3687 448 3747 consules
467 3686 551 3746 futuri
571 3685 669 3746 essent.
686 3684 795 3762 Quum
813 3688 883 3746 hanc

201 3759 260 3837 jam
282 3766 430 3845 epistolam
452 3768 680 3849 complicarem,
704 3767 884 3831 tabellariie
