2409 5492
290 1228 355 1292 'Au
377 1220 422 1314 Q.
437 1221 634 1289 anruam
652 1221 740 1292 Lra.
755 1221 784 1292 I.
817 1241 894 1316 329

214 1331 260 1397 est.
286 1333 361 1407 Tu,
384 1338 409 1394 si
428 1333 501 1395 forte
521 1335 588 1415 quid
609 1338 664 1396 erit
683 1332 842 1408 molestiae,
862 1351 894 1395 te

211 1416 244 1475 ad
269 1412 405 1476 Ctaffum
435 1414 467 1473 ἃ
490 1415 525 1473 ad
556 1413 702 1476 Calidium
726 1415 892 1489 conferas,

211 1494 324 1557 censeo.
352 1493 506 1572 Quantum
528 1494 686 1557 Hortensio
713 1496 892 1556 credendum

210 1578 264 1649 sit,
284 1573 408 1635 nescio:
425 1595 472 1635 me
487 1573 597 1634 summi
614 1577 794 1637 simulatione
810 1596 895 1635 amo·

208 1657 263 1728 ris,
280 1654 451 1735 summique
473 1655 636 1716 assiduitate
654 1657 818 1737 quotidiani
831 1655 893 1715 sce·

209 1734 379 1796 leratissime
393 1734 667 1816 insidiosissimeque
684 1735 828 1809 tradavit,
842 1735 894 1795 ad·

211 1811 306 1894 jundo
328 1836 446 1896 quoque
469 1814 578 1888 Arri03
603 1837 727 1898 quorum
749 1836 805 1897 ego
821 1837 895 1875 con-

212 1897 299 1969 siliis,
317 1897 487 1975 promissis,
505 1900 658 1976 praeceptis
676 1894 844 1967 destitutus,
862 1898 903 1955 itt-

164 1980 165 2045 l
215 1975 286 2034 hanc
309 1975 503 2036 calamitatem
523 1976 619 2036 incidi.
641 1977 699 2037 Sed
718 1977 779 2034 haec
796 1976 896 2035 occul·

164 2056 165 2083 ²
213 2055 307 2128 tabis,
335 2074 374 2115 ne
393 2055 461 2135 quid
484 2054 590 2115 obsint.
610 2055 683 2116 Illud
702 2073 804 2117 caveto
824 2077 830 2114 :
860 2056 893 2115 δι

164 2162 165 2169 ’
214 2137 248 2197 eb
273 2150 349 2216 puto
371 2155 424 2214 pet
442 2133 636 2214 Pomponium
659 2136 818 2198 fovendum
840 2137 899 2201 tibi

164 2230 165 2303 t
214 2212 266 2276 elle
284 2212 382 2295 ipsum
405 2214 619 2290 Hortensium,
641 2237 677 2277 ne
701 2218 749 2277 ille
770 2215 896 2292 versus,

164 2324 165 2331 κ
213 2298 258 2375 qui
283 2298 315 2354 itt
337 2311 367 2356 te
387 2313 448 2354 erat
464 2296 604 2370 collatus,
620 2318 709 2377 quum
728 2297 894 2356 aedilitatem

164 2438 165 2457 ,
214 2374 353 2457 petebas,
369 2373 405 2434 de
419 2376 483 2514 lppe
498 2374 630 2451 Aurelia,
645 2377 714 2436 falso
729 2377 894 2436 testimonio

215 2454 413 2516 confirmetur.
457 2456 507 2514 ihil
521 2459 598 2516 enim
614 2475 673 2515 tam
684 2460 794 2529 time0,
809 2456 897 2535 quim

215 2557 272 2608 ne,
300 2555 392 2616 quum
413 2536 573 2616 intelligant
597 2536 729 2596 homines
757 2554 897 2616 quantum

164 2626 165 2633 ’
215 2615 417 2676 misericordiae
440 2615 523 2675 nobis
546 2635 602 2676 ruae
629 2636 760 2695 preces,
789 2616 820 2674 &
848 2629 898 2674 tua
991 2618 994 2622 ’

216 2695 285 2756 lalus
300 2696 421 2755 allatura
433 2698 487 2770 sit,
504 2712 679 2776 oppugnent
694 2712 722 2755 te
737 2695 901 2755 vehemen-

217 2778 279 2836 tilts.
310 2774 471 2836 Messallam
498 2779 540 2836 tui
563 2773 718 2834 studiosum
743 2774 799 2835 elle
818 2774 900 2833 arbi·

217 2872 293 2917 ttot:
309 2854 483 2938 Pompeium
499 2857 586 2917 etiam
601 2857 795 2916 simulatorem
813 2870 901 2935 puto.

217 2935 272 2997 Sed
304 2937 368 2995 haec
391 2939 500 2995 utinam
525 2958 585 2997 non
612 2938 788 3017 experiare!
816 2935 897 3016 quod

218 3036 349 3096 precarer
369 3015 473 3089 deos,
500 3019 555 3075 nisi
579 3037 657 3078 meas
679 3036 778 3096 preces
798 3017 899 3077 audire

218 3094 375 3158 desiissent.
402 3095 611 3157 Verumtamen
640 3118 769 3176 precor,
796 3115 829 3157 ut
854 3098 901 3155 his

217 3176 333 3238 infinitis
359 3173 461 3236 nostris
491 3177 572 3236 malis
599 3180 727 3238 contenti
758 3179 839 3236 sint:
868 3179 900 3234 in

221 3260 325 3338 quibus
357 3277 418 3316 non
450 3257 541 3316 modo
572 3275 670 3316 tamen
698 3256 800 3315 nullius
829 3253 901 3315 inest

219 3340 331 3417 peccati
355 3335 499 3408 infamia,
527 3337 576 3396 sed
604 3338 699 3397 omnis
726 3336 811 3394 dolor
834 3332 900 3407 est,

238 3418 298 3478 uod
311 3418 425 3497 optime
440 3415 518 3476 fadis
536 3439 625 3497 poena
640 3415 679 3477 est
694 3418 819 3476 maxima
834 3435 903 3473 con-

220 3437 322 3558 litura.
345 3496 447 3556 Filiam
469 3517 587 3569 meam,
609 3497 640 3556 ὃ(
659 3515 756 3569 tuam,
780 3493 902 3554 Cicero·

220 3583 345 3660 nemque
368 3575 520 3651 nostrum,
538 3576 609 3658 quid
629 3597 711 3658 ego,
733 3578 773 3633 mi
787 3574 901 3650 frater,

220 3659 271 3718 tibi
300 3656 537 3717 commendem?
566 3659 635 3735 quin
665 3655 735 3718 illud
764 3674 904 3732 moereo,

220 3738 301 3823 quod
320 3739 373 3802 tibi
390 3741 618 3801 nonminorem
638 3737 772 3800 dolorem
790 3735 904 3800 illorum
