2409 5492
301 1259 365 1323 'an
377 1253 427 1346 Q.
443 1254 640 1324 anrrrn
656 1251 782 1326 [tul.
815 1262 890 1349 '321

210 1380 261 1429 aut
286 1367 448 1429 litterarum
475 1387 585 1431 tuarum
616 1370 687 1430 telin
731 1392 788 1445 as,
815 1369 898 1451 quod

210 1451 248 1509 uit
270 1447 309 1509 ad
330 1447 421 1510 Flavii
444 1470 505 1512 rem
532 1451 564 1510 &
584 1449 621 1508 ad
643 1472 754 1512 cauam
773 1471 897 1511 accom-

183 1554 188 1569 ·
209 1529 376 1589 modatum.
400 1528 467 1590 Fert
487 1533 565 1593 enim
584 1533 708 1612 graviter
726 1533 816 1592 homo
834 1577 843 1603 ‚
862 1532 895 1592 &

209 1612 270 1669 mei
288 1608 579 1683 observantissimus,
601 1611 634 1670 &
653 1611 694 1672 sui
714 1609 781 1690 jutis
800 1612 896 1694 digni·

210 1688 331 1770 ratisque
348 1693 496 1765 retinens,
519 1691 545 1751 se
567 1690 645 1769 apud
662 1710 690 1752 te
709 1711 804 1775 neque
823 1695 895 1753 ami-

211 1771 304 1842 citil,
322 1789 415 1851 neque
435 1769 496 1848 jure
519 1768 635 1831 valuisse
652 1792 660 1831 ε
685 1773 717 1832 &
739 1817 749 1846 ,
774 1790 806 1834 ut
823 1775 895 1853 opi-

211 1872 285 1922 nor,
305 1849 398 1910 Flavli
415 1853 571 1933 aliquando
590 1871 652 1911 rem
672 1852 704 1911 δι
718 1851 892 1932 Pompeius,

213 1931 247 1991 δι
269 1928 368 1991 Caesar
385 1932 438 1992 tibi
453 1932 711 2005 commendarunt3
731 1933 763 1992 &
784 1932 842 2013 ipse
859 1932 898 1995 ad

213 2028 242 2072 te
255 2010 403 2092 scripserat
415 2012 553 2085 Flavius,
569 2013 670 2093 &ego
688 2015 775 2073 certe.
794 2012 896 2093 Quare
938 2072 941 2077 .

214 2094 237 2151 si
252 2092 312 2151 ulla
332 2111 378 2153 res
397 2090 462 2166 est,
487 2113 572 2175 quam
591 2094 642 2152 tibi
663 2112 712 2153 me
733 2093 896 2155 faciendam

212 2189 334 2252 petente
355 2191 459 2253 putes,
482 2173 543 2232 lraec
561 2193 596 2233 ea
613 2175 658 2232 sit.
679 2171 708 2234 Si
729 2195 776 2234 me
795 2196 896 2251 amat,

213 2272 317 2325 cura,
344 2253 492 2328 elabora,
520 2251 653 2334 perfice,
676 2273 708 2315 ut
727 2253 841 2316 Flavius
863 2256 896 2316 &

213 2334 286 2409 tibi,
300 2333 333 2393 &
349 2335 420 2393 mihi
437 2335 524 2416 quim
540 2336 678 2394 maximas
713 2339 796 2395 ratias
814 2353 896 2417 agat:

213 2413 272 2473 hoc
290 2431 321 2474 te
337 2415 375 2473 ita
395 2436 489 2498 rogo,
506 2432 538 2475 ut
555 2411 665 2493 majore
686 2355 777 2476 dudio
793 2434 899 2498 rogate

214 2513 276 2555 non
299 2497 423 2575 possim.

254 2573 317 2635 IV.
342 2574 436 2655 Quod
454 2575 491 2635 ad
512 2596 560 2634 me
583 2573 620 2633 de
642 2572 762 2632 Hermia
779 2573 902 2650 scribis,

214 2655 288 2715 mihi
306 2657 469 2717 mehercule
484 2655 570 2717 valde
588 2651 739 2712 molestum
761 2652 822 2714 fuit.
840 2654 901 2714 Lit-

214 2752 291 2796 teras
319 2736 356 2795 ad
379 2756 409 2796 te
434 2758 535 2817 patum
562 2733 686 2794 fraterne
709 2731 901 2815 scripseram,

216 2837 287 2900 quas
309 2820 441 2878 oratione
463 2816 589 2877 Diodoti
611 2860 620 2889 ‚
645 2814 755 2874 Luculli
778 2816 901 2892 liberti,

216 2916 406 2971 commotus,
426 2896 462 2957 de
484 2897 616 2977 paslione
629 2892 727 2954 statim
748 2897 827 2976 qubd
847 2918 900 2958 au·

216 2977 348 3052 dieram,
367 2979 529 3038 iracundius
548 2975 730 3055 scripseram,
754 2982 785 3038 dt
805 2999 899 3040 revo-

216 3078 285 3119 care
304 3060 466 3133 cupiebam.
485 3058 559 3118 Huic
576 3077 606 3117 tu
623 3054 749 3135 epistolae
768 3081 827 3119 non
844 3057 902 3119 sta-

217 3140 300 3201 terne
322 3139 460 3219 scriptae,
487 3138 610 3198 fraterne
633 3137 721 3196 debes
741 3140 902 3218 ignoscere.

217 3218 270 3282 De
290 3217 472 3290 Censorino,
492 3219 649 3288 Antonio,
669 3215 798 3289 Cassio,
822 3216 903 3278 Scae·

213 3301 311 3372 vola,
338 3318 367 3360 te
388 3301 423 3358 ab
444 3300 476 3358 iis
499 3296 608 3380 diligi(
627 3311 659 3352 ut
678 3297 795 3378 scribis)
811 3299 905 3358 velte·

218 3397 335 3445 menter
350 3380 472 3462 gaudeo.
495 3379 601 3438 Cetera
619 3374 733 3435 suerunt
748 3379 777 3434 in
796 3372 901 3438 eaden'a

217 3459 341 3543 epistola
362 3463 513 3542 graviora,
526 3459 612 3539 quim
624 3455 740 3516 vellem.
757 3459 842 3529 o'pllv
862 3458 907 3525 riv

213 3549 309 3611 vast,
335 3540 368 3600 &
384 3543 462 3610 ἅπαξ
484 3548 569 3599 tantu
601 3533 714 3614 Maiora
740 3534 789 3592 isla
810 3552 906 3596 erunt·

213 3620 299 3681 Meae
329 3618 546 3700 obiurgationes
572 3616 687 3675 fuerunt
710 3617 815 3674 amoris
839 3615 908 3695 ple·

219 3704 368 3762 nissimae:
387 3721 451 3779 quae
471 3700 532 3760 sunt
552 3697 713 3768 nonnulla,
739 3693 788 3754 sed
808 3715 907 3758 tamen

212 3782 405 3858 mediocria,
424 3782 457 3843 ὃ(
472 3801 561 3863 parva
577 3780 684 3862 potius.
699 3775 763 3857 Ego
778 3795 806 3838 te
825 3799 910 3846 nutu·¹

728 3854 791 3923 Ov
