2409 5492
424 1213 503 1267 no.
539 1197 793 1268 Bnurun.
866 1218 945 1293 439

259 1332 344 1393 neque
355 1312 491 1393 bonores,
511 1334 594 1391 neque
611 1316 700 1373 uirtus
714 1315 807 1375 aliena
826 1315 947 1377 dulcedi·

259 1414 318 1453 nem
337 1392 451 1454 uiuendi
469 1395 585 1454 minuere
599 1395 728 1474 potuerit.
747 1394 825 1455 Mitt
841 1396 946 1474 quidem

258 1475 300 1534 ita
316 1473 413 1532 beatus
429 1472 477 1554 effe
494 1473 627 1546 uidebor,
650 1474 675 1534 si
693 1474 771 1535 modb
801 1476 950 1557 constanter

258 1554 439 1639 aoperpetttb
458 1554 579 1635 placebit
596 1555 648 1615 lioc
668 1557 832 1630 consilium,
850 1574 881 1616 ut
901 1578 945 1615 re-

257 1635 345 1696 latum
381 1652 451 1695 utem
464 1636 582 1717 gratiam
590 1637 690 1713 pietati
700 1656 772 1696 men.
813 1639 942 1697 uidenim

258 1655 428 1793 ejlmelius,
447 1718 526 1795 qudm
535 1759 547 1787 ,
563 1717 691 1775 memorid
712 1717 776 1775 relib
786 1642 944 1794 zelorum,

259 1795 429 1857 &libertate
448 1815 600 1856 contentum
616 1839 628 1866 ,
648 1796 777 1876 negligere
795 1799 945 1859 bumana?

259 1878 318 1937 Sed
340 1877 408 1935 certi
426 1899 480 1936 non
492 1877 667 1954 succumbam
680 1877 944 1953 succumbentibus,

258 1977 308 2015 nec
324 1957 423 2015 vincar
438 1957 473 2014 ab
490 1959 549 2027 iis,
566 1955 651 2036 quise
666 1958 740 2017 uinci
757 1958 856 2018 volunt
865 1980 879 2031 ,·
893 1952 948 2017 ex'-

255 2038 399 2117 pereatque
417 2037 444 2095 b
463 2038 571 2096 tentabo
589 2039 702 2109 omnia,
722 2061 804 2117 neque
821 2041 943 2118 desistant

257 2116 406 2196 abstrahere
430 2139 448 2175 a
461 2117 575 2198 fimitio
602 2117 741 2177 ciuitatem
765 2123 888 2200 nostram.
910 2121 946 2181 Si

251 2178 351 2276 sibura
360 2194 471 2277 fiterit,
491 2220 549 2277 quse
569 2197 669 2269 debet,
685 2196 821 2278 spretura,
839 2203 945 2281 gaude.-

258 2279 348 2337 bintus
367 2299 457 2338 omnes
476 2299 484 2336 .·
503 2280 547 2341 sin
565 2276 675 2350 minus,
692 2302 738 2358 ego
759 2298 847 2339 tamen
872 2303 947 2362 gau.-

257 2359 337 2418 debo.
348 2358 457 2439 Quibus
470 2361 539 2416 enim
553 2358 647 2437 potitis
666 2359 722 2416 lenc
733 2358 883 2438 uitafieblis
892 2380 946 2425 aut

257 2440 468 2521 cogitationibus
494 2441 656 2497 traducatur
667 2482 678 2508 ,
700 2439 779 2518 quim
807 2440 864 2510 iis,
887 2461 946 2519 qua

254 2520 437 2601 pertinuerint
456 2519 495 2576 ad
509 2519 664 2578 liberandos
679 2519 751 2577 cives
768 2539 840 2578 meos
854 2521 871 2578 ?
887 2524 945 2595 Te,

259 2601 379 2670 Cicero,
404 2622 466 2681 rogo
490 2618 570 2677 atque
588 2600 702 2669 bortor,
723 2621 755 2658 ne
777 2596 946 2679 defetigere,

259 2702 314 2740 neu
330 2676 440 2760 diffidas
457 2678 586 2758 :semper
608 2681 638 2737 in
661 2680 837 2758 presentibus
862 2681 946 2738 malis

256 2761 459 2847 prohibendis,
470 2756 570 2840 fictura
591 2781 716 2841 quoque,
745 2761 800 2820 nisi
827 2763 889 2820 anti
911 2761 950 2820 sit

259 2839 421 2921 occursum,
444 2841 592 2920 explores,
607 2862 640 2898 nc
654 2839 685 2920 se
703 2840 866 2900 insinuent:
898 2842 948 2901 ον’-

261 2940 315 2982 tem
333 2921 489 2981 &liberum
508 2922 649 2992 animum,
667 2942 719 3000 qno
741 2921 768 2979 b
788 2919 870 3000 cons-u
891 2923 946 2993 ,δ’

261 3023 334 3063 nunc
355 3001 535 3080 confideris,
559 3002 748 3082 rempublicam
775 3003 946 3085 vindicasti,

261 3084 320 3142 sine
342 3084 491 3164 constantia
516 3084 542 3142 fe
568 3084 751 3162 aqunbilitntc
770 3083 876 3142 nullum
897 3081 946 3160 effe

257 3165 380 3246 putaris.
394 3167 494 3224 Fateor
510 3164 577 3221 enirn
598 3166 731 3221 duriorem
750 3161 797 3238 effe
813 3164 962 3222 conditio·.

260 3266 321 3304 nem
328 3244 453 3325 [pellata
469 3244 602 3312 uirtutis,
618 3243 698 3320 quine
717 3243 869 3322 incognita.
889 3245 949 3302 Be·

256 3322 369 3403 ‚nefieda
381 3346 432 3404 pro
443 3324 541 3383 debitis
551 3323 694 3404 exigimus.
741 3342 783 3381 ute
794 3323 876 3381 aliter
886 3344 950 3384 ent·

262 3408 344 3465 nitent
353 3449 366 3477 ,
385 3424 416 3464 ut
433 3407 493 3463 dece
515 3406 536 3462 ti
552 3408 586 3461 ab
607 3403 651 3461 bis
660 3446 671 3473 ‚
691 3326 783 3482 inssesto
800 3407 892 3463 animo
910 3425 952 3462 re·

256 3487 460 3566 prehendimus.
480 3426 576 3563 liteque
596 3484 709 3563 resistere
728 3485 853 3543 Antonio
873 3485 949 3543 Cice·

259 3586 372 3637 ronem,
391 3567 443 3626 etsi
461 3567 560 3646 mugnd
574 3566 657 3624 laude
667 3565 776 3643 dignum
788 3564 823 3642 est
831 3607 842 3634 ,
856 3583 946 3627 tumere

261 3649 331 3727 quia
357 3645 453 3724 consul
485 3647 533 3706 illc
562 3648 634 3705 liunt
659 3642 824 3721 consularem
854 3645 947 3705 meritb

256 3730 383 3813 prestare
399 3729 528 3803 videtur,
544 3749 621 3790 nemo
634 3726 795 3788 admiratur.
807 3725 881 3785 Idem
892 3724 915 3789 C
916 3727 957 3787 i-·

769 3802 845 3869 Tiv
