2409 5492
304 1275 366 1325 An
384 1257 429 1348 ρ.
443 1257 640 1327 Farinam
652 1260 737 1327 Lru.
748 1258 795 1329 II.
823 1278 894 1355 35¹
992 1304 995 1317 ·

214 1369 249 1429 ad
267 1367 465 1448 Pompeium:
483 1391 629 1452 quumque
647 1391 706 1453 ego
724 1371 840 1452 egissem
857 1373 897 1434 de

213 1450 269 1509 istis
290 1450 430 1528 operibus
450 1469 537 1532 atque
558 1452 787 1531 inscriptionibus
808 1498 817 1527 ,
845 1473 898 1532 per

212 1531 283 1589 mihi
310 1530 436 1611 benigne
463 1532 512 1591 res
529 1533 629 1592 ondit:
653 1553 787 1613 magnam
815 1531 845 1612 sp
866 1553 897 1591 m

212 1612 328 1671 attulit:
350 1631 416 1668 cum
437 1609 493 1671 Cra
518 1635 537 1672 o
558 1612 585 1672 se
607 1612 677 1676 dixit
699 1615 779 1694 loqui
799 1552 901 1687 vels,

213 1691 344 1770 mihique
365 1711 397 1749 ut
416 1690 495 1751 idem
520 1692 674 1765 facerem,
694 1691 789 1752 suasit.
808 1693 899 1753 Cras-

213 1769 273 1835 sum
288 1768 442 1839 ,consulem
464 1793 500 1833 ex
522 1773 620 1832 senatu
638 1772 759 1832 domum
779 1773 901 1833 reduxit

213 1848 337 1930 suscepit
359 1871 446 1924 rem,
466 1853 596 1934 dixitque
617 1851 703 1925 esse,
723 1853 802 1933 quod
822 1853 901 1914 Clo-

216 1931 280 1991 dius
301 1929 369 1990 hoc'
380 1949 513 2011 tempore
537 1951 656 2014 cuperet
677 1952 729 2012 per
750 1933 778 1994 se
797 1933 898 2013 &per

218 2009 391 2091 Pompeium
416 2012 571 2094 consequi:
594 2032 694 2094 putare
715 2013 773 2086 se,
798 2014 822 2072 si
842 2034 857 2074 e
880 2035 900 2074 o

216 2111 283 2151 eum
303 2111 364 2150 non
384 2094 583 2172 impedirem,
613 2093 694 2173 posse
712 2113 760 2152 me
783 2035 900 2174 adipisci

216 2173 276 2231 sine
295 2175 484 2234 contentione
503 2173 582 2254 quod
602 2175 720 2234 vellem.
742 2172 854 2233 Totum
870 2176 899 2234 ei

214 2254 366 2333 negotium
378 2256 513 2331 permisi,
526 2274 630 2334 meque
642 2258 671 2313 in
685 2251 746 2332 ejus
779 2253 901 2316 otestate

218 2332 276 2391 dixi
290 2331 366 2392 fore.
381 2332 513 2394 Intersuit
526 2334 591 2394 huic
605 2335 729 2394 sermoni
766 2378 772 2390 .
788 2333 902 2395 Crassus

215 2411 407 2488 adolescens,
427 2414 515 2476 nostri
536 2422 549 2491 (
568 2432 600 2474 ut
618 2414 700 2495 scis)
725 2413 899 2475 studiosissi-

172 2496 175 2502 ’
216 2514 288 2553 mus.
310 2492 386 2552 lllud
408 2515 528 2569 autem,
549 2496 629 2576 quod
650 2499 731 2574 cupit
751 2491 903 2570 Clodius,

217 2573 256 2634 est
270 2575 379 2655 legatio
398 2576 512 2657 aliqua,
529 2577 552 2634 si
570 2578 663 2634 minus
682 2595 734 2654 per
752 2573 903 2648 senatum,

216 2675 267 2734 per
304 2656 443 2734 opulum,
455 2658 564 2728 libera,
579 2673 628 2714 aur
643 2654 835 2734 Byzantium,
853 2670 901 2714 aut

216 2735 251 2794 ad
297 2738 476 2817 rogitatum,
497 2754 544 2795 aut
564 2755 730 2816 utrumque.
751 2732 838 2793 Plena
854 2754 905 2794 res¹

216 2836 411 2875 nummorum.
432 2817 526 2896 Quod
542 2837 599 2897 ego
615 2837 675 2875 non
687 2816 806 2874 nimium
818 2814 902 2876 labo-

216 2917 268 2969 ro,
288 2899 377 2956 etiam
400 2899 537 2956 siminus
564 2894 694 2977 assequor
714 2897 794 2978 quod
816 2897 900 2957 volo.

216 2975 373 3056 Pompeius
388 2994 487 3038 tamen
504 2999 569 3037 cuni
587 2975 687 3038 Crasso
705 2978 817 3037 locutus
839 2975 899 3051 est;

216 3059 349 3118 videntur
360 3062 510 3139 negotium
523 3057 679 3138 suscepisse.
693 3059 720 3117 Si
734 3056 907 3137 perficiunt,

217 3140 352 3220 optime:
377 3142 419 3197 sin
442 3141 534 3198 minus
555 3182 565 3212 ,
592 3139 628 3196 ad
648 3136 774 3197 nostrum
792 3137 899 3196 lovem

216 3238 405 3279 revertamur.
425 3219 464 3279 A.
489 3219 517 3278 d.
541 3235 590 3275 ιη.
614 3216 657 3277 ld.
681 3218 752 3276 Maii
771 3215 902 3275 senatus·

216 3297 376 3360 consultum
395 3299 436 3358 est
459 3299 565 3358 fanum
584 3297 620 3356 de
640 3298 747 3357 ambitu
768 3298 797 3354 in
813 3293 902 3354 Afra·

216 3383 256 3439 nii
271 3379 461 3452 sententiam,
476 3398 563 3460 quam
579 3398 636 3460 ego
652 3379 798 3448 dixeram,
813 3394 905 3455 quum
1006 3445 1010 3453 .

216 3476 248 3520 tu
262 3458 373 3520 adesses
388 3506 396 3532 ,
413 3460 463 3520 sed
483 3479 590 3539 magno
611 3480 677 3518 cum
714 3460 803 3519 emitu
822 3455 903 3514 sena·

216 3539 272 3600 tis.
295 3538 437 3602 Consules
466 3560 526 3599 non
550 3537 615 3598 sunt
638 3481 778 3618 persecuti
798 3554 906 3595 eorum

216 3619 385 3696 sententias,
396 3623 445 3703 qui
456 3619 577 3679 Afranio
591 3640 680 3699 quum
689 3617 778 3679 essent
788 3612 905 3689 assensi,

216 3700 413 3777 addiderunt,
442 3719 473 3761 ut
489 3716 627 3780 praetores
654 3703 693 3759 ita
722 3711 905 3770 crearentur,

216 3798 250 3843 ut
279 3781 340 3843 dies
358 3801 401 3844 ux
422 3784 527 3863 privati
549 3777 648 3843 essent.
670 3779 713 3843 Eo
734 3780 781 3841 die
803 3774 903 3853 Caso:
