2409 5492
356 1301 408 1352 22
501 1278 873 1349 Epist-ozanam
914 1290 918 1297 ·

355 1412 503 1474 tamquam
519 1395 686 1530 ωιςαχίιι
704 1390 939 1532 elss‘lid‘a'mffl·
958 1389 1039 1488 Sed,

355 1474 710 1635 ligabitis,
730 1491 879 1632 {llil
906 1489 1040 1628 affin}

354 1635 414 1695 ulli
437 1634 603 1695 conditione
625 1631 662 1691 ad
684 1647 713 1693 te
736 1629 816 1713 poffe
835 1632 964 1714 perduci.
980 1631 1040 1696 Pe·

354 1718 467 1788 cuniae,-
485 1733 573 1796 quam
591 1711 758 1786 desideras,
778 1715 851 1775 ratio
872 1710 967 1794 potest
986 1714 1040 1773 ha-

355 1796 438 1869 beri,
460 1810 553 1935 εαιὲιο
575 1792 735 1853 habebitur.
762 1791 811 1853 De
831 1792 923 1855 Bruto
944 1793 1040 1855 arces·

355 1875 472 1950 sendo,
532 1872 673 1954 aesareque
695 1873 731 1933 ad
756 1871 844 1933 Italiae
869 1875 1039 1955 praesidium

354 1957 506 2028 tenendo,
527 1954 615 2015 valde
644 1954 695 2013 tibi
715 1950 859 2015 assentior.
888 1953 976 2028 Sed,
1004 1972 1039 2018 ut

353 2036 474 2110 scribis,
494 2036 582 2095 habes
605 2031 837 2107 obtrebiatores3
862 2055 936 2115 quos
954 2039 1036 2117 equi·

353 2117 424 2177 dem
454 2114 588 2175 facillimi
614 2111 764 2188 sustineo,
797 2114 848 2177 sed
874 2115 1038 2196 impediunt

353 2215 460 2256 tamen.
483 2194 526 2254 Ex
550 2192 650 2254 Africa
669 2195 801 2276 legiones
826 2194 1037 2276 exspeilantur.

352 2275 412 2337 Sed
430 2276 538 2337 bellum
555 2272 615 2334 istic
631 2292 763 2335 renatum
782 2278 921 2336 mirantur
938 2277 1037 2338 homi-

353 2376 431 2417 nes:
465 2356 535 2416 nlhil
563 2373 624 2415 tam
646 2371 752 2436 praeter
777 2354 858 2436 spem
885 2377 1037 2438 umquam.

353 2436 432 2498 Nam
456 2438 503 2498 die
522 2454 574 2496 tuo
592 2436 818 2497 natalividlorid
840 2438 986 2511 nuntiati,
1003 2442 1035 2501 in

352 2519 442 2579 multa
453 2517 547 2579 secula
557 2516 727 2578 videbamus
742 2517 951 2597 rempublicam
964 2519 1037 2585 libe·

350 2615 451 2660 ratam.
474 2596 515 2658 Hi
542 2600 614 2658 novi
642 2598 760 2658 timores
787 2613 922 2659 retexunt
944 2598 1035 2681 supe-

352 2682 439 2739 riora.
468 2676 609 2758 scripsisti
633 2697 730 2739 autem
749 2677 785 2738 ad
803 2698 850 2739 me
868 2681 903 2739 iis
922 2724 945 2753 ,.
962 2701 1034 2760 quas

352 2758 450 2820 Idibus
470 2759 558 2819 Maiis
579 2756 704 2832 dedisti,
732 2758 825 2819 modb
844 2775 873 2820 te
893 2759 1034 2841 accepiffe

350 2861 369 2898 a
397 2838 503 2899 Planco
526 2839 657 2912 litteras,
680 2860 741 2898 non
767 2840 856 2919 recipi
880 2862 898 2900 a
917 2840 1033 2921 Lepido

350 2917 524 2978 Antonium.
542 2916 576 2975 ld
594 2919 619 2977 si
636 2919 675 2976 ita
692 2915 750 2992 est,
769 2922 868 2981 omnia
882 2919 1031 2983 faciliora:

347 3002 394 3059 ain
409 2999 509 3073 aliter,
526 3017 663 3079 magnum
678 3001 846 3082 negotium:
865 2998 947 3082 cujus
967 3003 1032 3065 exi·

349 3096 412 3138 tum
438 3098 476 3140 ne
504 3078 718 3155 extimescam,
748 3098 805 3141 tuae
833 3099 928 3161 partes
956 3081 1030 3146 stmt.

351 3158 417 3242 Ego
462 3161 530 3233 lus,
549 3160 638 3240 quim
657 3159 736 3235 feci,
760 3160 861 3221 faeere'
875 3182 936 3223 non
957 3163 1031 3243 pos,

347 3240 421 3304 sum.
435 3181 482 3301 i‘e
499 3258 597 3302 tamen
608 3286 619 3314 ‚
632 3240 664 3300 id
679 3241 760 3322 quod
773 3242 879 3321 spero,
896 3246 1030 3304 onmium

346 3324 507 3461 ιῦιὲἰιὶιιιιιηι
527 3320 562 3382 &
591 3322 781 3384 elatissimam
800 3322 901 3386 videre
930 3325 1028 3407 cupio}

345 3430 348 3437 .
406 3421 433 3464 e·
1019 3432 1022 3437 .
