2409 5492
339 1259 402 1311 an
415 1242 829 1336 Q.Fu.tr1trrtLru.II.
864 1264 941 1342 347

258 1373 328 1419 rat:
350 1359 449 1438 itaque
480 1362 530 1421 vix
562 1360 689 1421 tenebar.
716 1358 810 1422 Sensit
840 1358 944 1421 Milo:

257 1437 339 1500 dedit
369 1438 483 1498 cuidam
512 1459 572 1499 non
601 1440 733 1501 familiari
761 1441 912 1522 negotium
933 1457 949 1516 ,¹

259 1520 308 1599 qui
328 1520 392 1578 siue
415 1518 571 1599 suspicione
593 1538 703 1580 emeret
720 1541 786 1582 eam
805 1518 946 1582 familiam

256 1620 275 1658 a
301 1597 442 1660 Catone:
467 1621 530 1681 quae
555 1601 727 1682 simulatque
745 1599 865 1661 abdutla
881 1599 944 1675 est,

256 1677 406 1753 Racilius,
427 1685 476 1758 qui
497 1702 571 1740 unus
592 1680 710 1753 ellhoc
730 1699 863 1762 tempore
886 1684 943 1742 tri·

257 1760 352 1821 hunus
374 1759 490 1839 plebis,
510 1780 572 1820 rem
590 1760 749 1841 patefecit,
764 1760 868 1841 eosque
886 1763 944 1822 ho·
1033 1778 1038 1797 ¹

257 1843 351 1902 mines
377 1841 432 1899 sibi
455 1858 570 1921 emptos
593 1840 650 1901 else
674 1842 745 1902 dixit
772 1840 842 1922 (sic
863 1845 943 1904 enim

255 1922 404 2002 placuerat
415 1919 436 2001 t)
465 1922 497 1980 dt
523 1922 650 1981 tabulam
677 1921 871 2002 proscripsit,
902 1927 939 1983 Se

252 1999 395 2080 familiam
414 2005 598 2062 Catonianam.
616 2005 798 2062 venditurum.
828 2000 860 2061 In
877 2021 943 2062 eam

257 2082 383 2142 tabidam
395 2083 492 2162 magni
502 2081 570 2141 risus
585 2081 841 2163 consequebantur.
855 2081 942 2144 Hunc

257 2163 341 2243 igitur
358 2159 506 2222 Catonern
525 2162 664 2222 Lentulus
680 2185 697 2223 a
715 2163 825 2244 legibus
843 2183 942 2223 remo-

256 2245 318 2316 vit,
339 2241 372 2302 &
393 2262 445 2302 eos
464 2243 514 2322 qui
532 2242 568 2302 de
592 2240 706 2303 Caesare
725 2242 850 2303 monstra
869 2266 942 2324 pro.
979 2315 982 2320 .

257 2324 455 2405 mulganmt‚
488 2322 591 2402 quibus
617 2325 810 2385 intercederet
839 2344 942 2386 nemo.

257 2399 335 2463 Nam
359 2402 439 2484 quod
467 2402 503 2462 de
525 2402 667 2484 Pompeio
693 2401 832 2464 Caninius
852 2408 940 2486 agit,

256 2482 321 2544 sane
343 2483 433 2564 quiam
451 2482 578 2543 refrixit:
599 2505 635 2546 ne
656 2504 692 2544 ue
711 2488 790 2544 enim
809 2503 855 2565 res
871 2506 942 2564 pto·

257 2563 360 2636 batut;
379 2565 412 2623 &
430 2561 585 2644 Pompeius
669 2584 700 2624 er
718 2567 748 2622 in
765 2565 889 2623 amicitia
904 2563 941 2625 P.

257 2641 371 2705 Lentuli
396 2646 601 2724 vituperatur,
634 2644 799 2703 &hercule
821 2642 943 2704 nonest

257 2723 350 2785 idem:
366 2744 433 2784 nam
445 2725 523 2804 apud
534 2725 613 2784 illam
625 2723 845 2804 perditissimam
855 2742 943 2804 atque

258 2803 388 2865 infimam
400 2804 503 2865 saecem
517 2804 636 2885 populi,
647 2822 767 2885 propter
778 2802 942 2877 Milonem,

257 2885 431 2947 firboffendit
451 2906 458 2944 ι
489 2885 522 2945 &
539 2885 610 2945 boni
630 2883 778 2946 multaab
800 2903 838 2944 eo
859 2886 944 2945 desi-

258 2967 359 3028 derant
370 3011 385 3039 ,
401 2965 491 3025 multa
509 2965 735 3045 reprehendunt.
754 2963 944 3026 Marcellinus

257 3064 356 3107 autern
380 3047 437 3106 hoc
459 3067 518 3105 uno
541 3047 613 3106 mihi
636 3046 755 3127 quidem
776 3065 837 3105 non
858 3047 943 3107 satis-t

257 3126 349 3200 ficit,
380 3126 464 3208 quod
487 3147 554 3186 eum
585 3129 669 3188 nimiu
693 3125 793 3206 aspere
816 3126 916 3187 tradat
930 3171 944 3200 ,

257 3228 432 3289 quamquem
455 3207 487 3269 id
513 3206 613 3268 senatu
639 3228 701 3267 non
731 3207 826 3265 invito
848 3206 946 3266 facit:

257 3291 316 3370 pub
346 3309 403 3370 ego
435 3309 486 3349 me
515 3288 651 3349 libentius
679 3307 696 3345 a
725 3287 824 3359 curia,
849 3287 881 3346 δι
905 3286 946 3346 ab

259 3372 340 3429 omni
360 3388 441 3448 parte
465 3368 630 3448 reipublicae
651 3365 795 3426 subtraho.
818 3365 852 3425 ln
867 3364 945 3443 judi·

257 3452 307 3509 ciis
331 3452 351 3508 ii
371 3449 489 3521 sumus,
515 3451 564 3528 qui
583 3446 699 3507 fuimus.
728 3445 843 3506 Domus
864 3446 945 3506 cele-

258 3529 357 3590 bratur
374 3532 433 3601 ita,
448 3547 480 3588 ut
496 3549 586 3609 quum
599 3528 734 3586 mraxime.
749 3526 850 3585 Unum
866 3529 945 3586 acci·

258 3610 302 3670 dit
319 3609 511 3689 imprudenti&
529 3609 650 3668 Milonis
669 3607 889 3666 incommodum
907 3607 955 3668 de·

258 3688 326 3750 Sex.
335 3687 469 3760 Clodio,
490 3710 579 3768 quem
595 3707 692 3767 neque
706 3686 763 3751 huc
781 3704 912 3766 tempore
932 3731 947 3761 ,

256 3790 353 3852 aeque
388 3770 424 3831 ab
452 3770 607 3830 imbecsslis
639 3765 847 3828 accusatoribus
876 3767 952 3828 mihi

775 3845 882 3937 Pri⁴
