2409 5492
329 1280 403 1352 268
478 1279 849 1349 Entsrozanvnt

329 1391 518 1455 convalescas.
554 1392 624 1455 Non
655 1395 779 1532 ifinoro,
800 1406 942 1472 quantum
971 1411 1010 1455 ex

328 1474 473 1551 desiderio
491 1474 624 1548 labores,
638 1473 665 1535 se
708 1490 791 1534 erunt
812 1476 912 1533 omnia
932 1473 1009 1534 saci·

326 1554 383 1627 lia,
396 1556 419 1614 si
434 1553 543 1614 valebis
560 1552 713 1614 :festinare
732 1569 761 1612 te
780 1553 868 1628 nolo,
880 1574 919 1614 ne
936 1575 1009 1615 nau-

325 1634 381 1694 seae
401 1633 561 1695 molestiam
581 1633 713 1714 suscipias
734 1653 826 1713 aeger,
842 1634 873 1693 &
888 1636 1010 1715 pericu-

325 1713 389 1774 lose
404 1716 501 1776 hieme
514 1716 643 1795 naviges.
657 1712 717 1796 Ego
732 1714 768 1772 ad
783 1714 884 1774 urbem
900 1717 1008 1776 accessi
1023 1759 1026 1765 -

326 1796 420 1876 pridie
443 1794 543 1855 Nonas
563 1793 710 1854 Januarii:
731 1794 850 1853 obviam
872 1794 945 1853 mihi
968 1797 1009 1855 sic

327 1872 369 1945 est
386 1876 548 1955 proditum,
557 1892 590 1935 ut
603 1875 673 1934 nihil
688 1876 778 1953 possit
793 1871 856 1934 sieri
871 1876 1009 1935 ornatius.

324 1953 386 2016 Sed
404 1957 492 2015 incidi
511 1958 541 2014 in
559 1953 649 2035 ipsam
668 1954 814 2013 flammam
835 1954 926 2013 civilis
946 1953 1008 2014 dis-

325 2035 452 2110 cordiae,
467 2034 515 2094 vel
538 2038 634 2113 potius
654 2034 747 2105 belli;
768 2035 814 2093 cui
836 2055 926 2115 quum
947 2055 1005 2095 cu-

327 2134 428 2194 perem
445 2114 574 2187 mederi,
593 2115 650 2186 &,
667 2132 699 2174 ut
715 2113 856 2188 arbitror,
874 2111 1005 2194 possem,
1026 2162 1029 2167 .

325 2195 496 2271 cupiditates
519 2212 663 2254 certorum
686 2194 838 2253 bominum
850 2193 947 2273 .(nam
966 2215 1006 2254 ex

324 2288 446 2355 utraque
464 2292 543 2354 parte
560 2273 642 2346 sunt,
695 2277 705 2333 i
723 2293 851 2354 pugnare
869 2273 1006 2355 cupiant)

323 2355 366 2412 im
387 2354 535 2414 edimento
562 2355 633 2413 mihi
689 2370 781 2414 erunt.
813 2352 948 2414 Omnino
974 2355 1008 2415 &
1032 2396 1035 2401 -

324 2374 385 2512 ipse
414 2432 527 2509 Caesar,
548 2437 655 2494 amicus
685 2433 798 2508 noster,
816 2435 944 2495 minaces
971 2435 1009 2495 ad

323 2512 454 2574 senatum
479 2510 649 2576 &acerbas
676 2515 782 2574 litteras
810 2513 951 2587 miserat3
976 2514 1008 2576 &

325 2613 387 2655 erat
411 2594 503 2659 adhuc
528 2594 701 2675 impudens,
719 2596 767 2677 qui
791 2596 951 2654 exercitum
975 2594 1008 2656 &

323 2677 504 2754 provinciam
520 2676 614 2736 invito
633 2674 729 2735 senatu
747 2690 879 2734 teneret:
897 2675 930 2733 &
947 2672 1010 2736 Cu·

323 2756 368 2813 rio
383 2775 463 2815 meus
479 2756 559 2814 illum
573 2755 718 2815 incitabat.
729 2755 873 2813 Antonius
888 2754 1008 2834 quidem

323 2832 437 2907 noster,
448 2835 479 2893 &
493 2834 535 2912 Q.
545 2833 676 2908 Cassius,
689 2835 763 2895 nullai
780 2837 810 2892 vi
825 2834 956 2913 expulsi,
970 2835 1008 2895 ad

314 2911 469 2979 ,Caesarem
498 2935 563 2972 cum
590 2913 719 2974 Curione
750 2913 869 2993 profedi
899 2932 1008 2989 etant3

323 2990 514 3072 posteaquam
536 2991 647 3055 senatus
671 2994 850 3067 consulibus,
870 2998 1008 3073 praetori-

324 3073 396 3145 bus,
413 3073 532 3131 tribunis
555 3074 668 3152 plebis,
685 3075 718 3133 &
738 3076 842 3148 nobis,
860 3076 910 3153 qui
932 3095 1008 3155 pro·

325 3151 455 3213 consules
470 3152 581 3227 sumus,
593 3158 744 3236 negotium
761 3155 897 3227 dederat,
910 3174 942 3216 ut
959 3177 1009 3216 cu-

326 3254 474 3308 raremus,
497 3253 534 3293 ne
560 3235 630 3314 quid
659 3234 815 3315 respublica
842 3236 1008 3296 detrimenti

325 3332 451 3393 caperet.
484 3313 651 3394 Numquam
680 3314 790 3390 majore
818 3317 847 3373 in
875 3316 1006 3392 periculo

326 3396 426 3454 civitas
459 3393 542 3454 fuit:
575 3415 731 3474 numquam
764 3395 892 3473 improbi
927 3398 1007 3457 cives

255 3539 257 3544 Ι
326 3473 486 3536 habuerunt
503 3479 675 3552 paratiorem
690 3475 804 3534 ducem.
819 3475 954 3535 Omnino
970 3497 1008 3537 ex

326 3553 380 3612 hac
402 3574 517 3634 quoque
541 3572 621 3634 parte
642 3555 857 3636 diligentissime
881 3576 1009 3636 compa-

325 3651 424 3695 ratur:
442 3636 473 3694 id
491 3632 523 3693 fit
541 3635 704 3696 audoritate
721 3635 857 3695 &studio
872 3633 1008 3716 Pompeii

326 3711 433 3788 nostri,
449 3717 497 3794 qui
520 3713 664 3777 casarem
688 3715 751 3776 serb
778 3717 868 3794 coepit
893 3719 1010 3777 timere.

326 3785 421 3853 Nobis
450 3796 526 3855 inter
554 3795 605 3857 has
638 3795 734 3857 turbas
766 3794 876 3858 senatus
909 3814 1009 3859 tamen
