2409 5492
381 1294 452 1343 aa>
488 1278 744 1353 Bavrrrrr.
826 1300 901 1378 415

338 1418 523 1489 ‚crciao'
552 1414 706 1503 Bauro
748 1424 781 1487 S.

217 1549 352 1605 Bmwra
372 1590 380 1616 ‚
400 1560 428 1608 de
444 1577 469 1609 re
487 1594 496 1616 ,
516 1558 623 1627 nescium
638 1529 726 1610 erudiri
738 1559 804 1626 qud,
823 1560 904 1629 exqar'·

248 1626 303 1703 aira
314 1643 367 1680 aree
384 1630 540 1699 consolatur,
557 1635 581 1683 d·
600 1636 632 1682 ad
640 1632 804 1700 fortitudinem
818 1634 903 1695 colar·⁴

225 1742 228 1747 .
251 1714 327 1753 aecer.
348 1704 422 1756 Anno
443 1704 477 1756 U.
498 1709 600 1772 (2710.

217 1795 508 1947 9.Furreercerc
527 1871 653 1946 officio,
678 1895 737 1957 quo
760 1888 792 1933 tu
813 1872 902 1935 func-

216 1965 259 2009 tus
283 1970 316 2010 es
334 1953 365 2012 in
384 1973 453 2014 meo
472 1953 579 2029 ludlu,
606 1973 693 2038 reque
717 1974 768 2037 per
791 1954 899 2015 litteras

218 2029 407 2106 consolarer,
428 2037 483 2093 nisi
507 2035 609 2095 scirem
634 2081 643 2109 ,
671 2036 714 2095 his
737 2035 901 2111 remediis,

216 2109 317 2189 quibus
331 2130 434 2173 'meum
450 2115 585 2177 dolorem
605 2132 637 2175 cu
657 2114 800 2191 levalles,
819 2132 848 2176 re
870 2116 901 2175 in

216 2206 269 2251 ruo
291 2212 354 2253 non
375 2210 480 2276 egere:
502 2218 535 2257 ac
553 2192 644 2257 velim
661 2196 791 2271 faciliirs,
812 2194 902 2279 quarn

216 2284 285 2331 runc
307 2273 408 2349 mihi,
432 2294 509 2335 nunc
530 2275 581 2336 ribi
601 2277 664 2336 tute
684 2276 831 2338 medeare.
853 2268 904 2339 Est

215 2352 295 2413 mira
315 2353 440 2414 alienum
456 2372 536 2416 tanto
555 2357 640 2430 viro,
656 2373 688 2417 ut
707 2376 739 2417 es
753 2373 803 2431 ru,
821 2350 902 2438 quod

214 2432 297 2495 alieri
318 2438 489 2517 praeceperit
510 2481 521 2510 ‚
546 2435 576 2495 id
598 2432 693 2516 ipsum
718 2432 814 2496 facere
839 2454 901 2497 non

214 2510 307 2594 porse.
334 2515 388 2577 Me
410 2516 528 2596 quidem
553 2535 644 2596 quum
664 2518 812 2590 rationes,
830 2534 900 2594 quas

216 2594 408 2676 collegeras,
436 2614 498 2656 rum
526 2596 676 2663 aucloritas
696 2612 745 2656 tua
769 2619 785 2657 ι
809 2597 900 2656 nimio

216 2694 345 2736 moerore
377 2676 525 2738 deterruit.
555 2677 659 2756 Quum
685 2678 763 2736 enim
786 2675 902 2736 molliias

215 2754 269 2815 libi
291 2754 369 2816 ferre
391 2757 527 2831 viderer,
546 2756 632 2839 qulm
654 2756 771 2818 deceret
787 2759 901 2831 virum,

216 2832 376 2916 praeserrim
398 2856 465 2898 eum
488 2841 537 2921 qui
562 2839 635 2899 alios
660 2837 802 2900 consolari
824 2836 906 2921 sole-

216 2930 287 2990 κη
307 2916 441 2979 accusasti
460 2938 508 2987 rne
529 2938 582 3001 per
599 2920 707 2981 litteras
715 2916 901 3061 gravioribus

216 2996 314 3059 verbis
336 3043 357 3074 „
397 2999 466 3058 uiam
496 3018 545 3062 tua
577 3000 753 3069 consuetur)
781 2996 902 3063 ferebar.

218 3074 321 3160 lra'q'ue
350 3020 486 3157 judicium
512 3100 593 3142 tuum
616 3083 713 3164 magni
733 3076 903 3157 aestimans,

220 3158 309 3239 idque
329 3163 437 3223 veritus
457 3207 466 3235 ,
487 3183 534 3222 me
556 3162 615 3242 ipse
641 3164 770 3242 collegi3
790 3162 822 3220 δι
840 3182 903 3238 ea,

219 3254 285 3321 quae
310 3238 496 3314 didiceram,
522 3243 682 3322 legeram,
710 3258 776 3300 acce
800 3257 905 3319 eram,

217 3321 352 3402 graviora
370 3322 457 3393 duxi,
475 3318 525 3381 tud
545 3320 710 3381 aucloritare
733 3260 840 3382 additi.
856 3320 902 3385 Ac

216 3402 391 3475 mihi-mim,
418 3400 534 3476 Brute,
559 3399 656 3460 officio
676 3398 769 3461 foliam
786 3420 848 3481 erar
869 3402 901 3463 δι

216 3496 326 3541 naturae
346 3528 356 3556 ,
382 3483 433 3543 ribi
451 3501 527 3542 nunc
545 3480 657 3562 populo
680 3480 817 3542 &scenae
840 3481 855 3564 (
871 3498 903 3544 ut

217 3561 355 3645 dicitur)
379 3562 560 3624 serviendum
583 3560 633 3622 est.
661 3558 739 3623 Nam
763 3578 852 3642 quum
874 3565 903 3625 in

215 3658 245 3705 re
267 3662 330 3705 non
350 3643 442 3703 solirm
462 3642 601 3703 exercitlls
622 3645 682 3717 rui,
703 3640 751 3703 sed
772 3646 902 3705 omnium

207 3725 328 3785 civium
354 3746 386 3785 ac
414 3745 488 3804 pene
516 3726 644 3805 gentium
672 3720 794 3802 conjedli
823 3726 901 3789 oculi

213 3809 297 3883 rint,
319 3807 437 3866 minime
460 3806 567 3880 decer,
592 3822 712 3890 propter
730 3824 817 3888 quem
838 3806 903 3872 for·

740 3886 807 3952 siv
