<?xml version="1.0" encoding="UTF-8"?>
<!DOCTYPE html PUBLIC "-//W3C//DTD XHTML 1.0 Transitional//EN"
    "http://www.w3.org/TR/xhtml1/DTD/xhtml1-transitional.dtd">
<html xmlns="http://www.w3.org/1999/xhtml" xml:lang="en" lang="en">
 <head>
  <title>
</title>
<meta http-equiv="Content-Type" content="text/html;charset=utf-8" />
  <meta name='ocr-system' content='tesseract 3.04.00' />
  <meta name='ocr-capabilities' content='ocr_page ocr_carea ocr_par ocr_line ocrx_word'/>
</head>
<body>
  <div class='ocr_page' id='page_1' title='image "./mtulliiciceroni09lallgoog/mtulliiciceroni09lallgoog_0362.png"; bbox 0 0 2409 5492; ppageno 0'>
   <div class='ocr_carea' id='block_1_1' title="bbox 302 1224 822 1323">
    <p class='ocr_par' dir='ltr' id='par_1_1' title="bbox 302 1224 822 1323">
     <span class='ocr_line' id='line_1_1' title="bbox 302 1224 822 1323; baseline -0.006 -33"><span class='ocrx_word' id='word_1_1' title='bbox 302 1226 379 1323; x_wconf 80' lang='lat'>364</span> <span class='ocrx_word' id='word_1_2' title='bbox 453 1224 822 1292; x_wconf 69' lang='lat' dir='ltr'>Errsroznnuat</span> 
     </span>
    </p>
   </div>
   <div class='ocr_carea' id='block_1_2' title="bbox 299 1330 982 2527">
    <p class='ocr_par' dir='ltr' id='par_1_2' title="bbox 299 1330 982 2527">
     <span class='ocr_line' id='line_1_2' title="bbox 299 1330 975 1416; baseline -0.009 -14"><span class='ocrx_word' id='word_1_3' title='bbox 299 1342 385 1402; x_wconf 85' lang='lat' dir='ltr'>minis</span> <span class='ocrx_word' id='word_1_4' title='bbox 402 1335 500 1408; x_wconf 84' lang='lat' dir='ltr'>furor,</span> <span class='ocrx_word' id='word_1_5' title='bbox 518 1337 616 1395; x_wconf 91' lang='lat' dir='ltr'>omnia</span> <span class='ocrx_word' id='word_1_6' title='bbox 633 1332 695 1393; x_wconf 89' lang='lat' dir='ltr'>sunt</span> <span class='ocrx_word' id='word_1_7' title='bbox 714 1332 752 1391; x_wconf 89' lang='lat' dir='ltr'>ad</span> <span class='ocrx_word' id='word_1_8' title='bbox 765 1353 838 1393; x_wconf 92' lang='lat' dir='ltr'>eum</span> <span class='ocrx_word' id='word_1_9' title='bbox 852 1330 975 1416; x_wconf 65' lang='lat' dir='ltr'>franget:</span> 
     </span>
     <span class='ocr_line' id='line_1_3' title="bbox 301 1412 974 1498; baseline -0.009 -17"><span class='ocrx_word' id='word_1_10' title='bbox 301 1421 369 1481; x_wconf 87' lang='lat' dir='ltr'>dum</span> <span class='ocrx_word' id='word_1_11' title='bbox 395 1417 537 1498; x_wconf 81' lang='lat' dir='ltr'>expedita.</span> <span class='ocrx_word' id='word_1_12' title='bbox 565 1414 637 1474; x_wconf 84' lang='lat' dir='ltr'>Haec</span> <span class='ocrx_word' id='word_1_13' title='bbox 659 1415 700 1473; x_wconf 89' lang='lat' dir='ltr'>ita</span> <span class='ocrx_word' id='word_1_14' title='bbox 727 1413 847 1489; x_wconf 90' lang='lat' dir='ltr'>sentio,</span> <span class='ocrx_word' id='word_1_15' title='bbox 866 1412 974 1492; x_wconf 85' lang='lat' dir='ltr'>judico,</span> 
     </span>
     <span class='ocr_line' id='line_1_4' title="bbox 301 1493 975 1577; baseline -0.009 -17"><span class='ocrx_word' id='word_1_16' title='bbox 301 1500 338 1560; x_wconf 85' lang='lat' dir='ltr'>ad</span> <span class='ocrx_word' id='word_1_17' title='bbox 355 1518 383 1561; x_wconf 88' lang='lat' dir='ltr'>te</span> <span class='ocrx_word' id='word_1_18' title='bbox 401 1498 549 1577; x_wconf 71' lang='lat' dir='ltr'>explorate</span> <span class='ocrx_word' id='word_1_19' title='bbox 569 1496 680 1555; x_wconf 91' lang='lat' dir='ltr'>scribo:</span> <span class='ocrx_word' id='word_1_20' title='bbox 699 1493 839 1556; x_wconf 88' lang='lat' dir='ltr'>dubitare</span> <span class='ocrx_word' id='word_1_21' title='bbox 860 1513 909 1570; x_wconf 89' lang='lat' dir='ltr'>te,</span> <span class='ocrx_word' id='word_1_22' title='bbox 926 1515 975 1556; x_wconf 92' lang='lat' dir='ltr'>non</span> 
     </span>
     <span class='ocr_line' id='line_1_5' title="bbox 299 1574 978 1656; baseline -0.007 -16"><span class='ocrx_word' id='word_1_23' title='bbox 299 1578 497 1645; x_wconf 63' lang='lat' dir='ltr'>adsentatorie,</span> <span class='ocrx_word' id='word_1_24' title='bbox 512 1576 561 1636; x_wconf 87' lang='lat' dir='ltr'>sed</span> <span class='ocrx_word' id='word_1_25' title='bbox 573 1575 695 1636; x_wconf 71' lang='lat' dir='ltr'>fraterne</span> <span class='ocrx_word' id='word_1_26' title='bbox 711 1594 798 1635; x_wconf 84' lang='lat' dir='ltr'>veto.</span> <span class='ocrx_word' id='word_1_27' title='bbox 813 1574 916 1656; x_wconf 80' lang='lat' dir='ltr'><strong>Quare</strong></span> <span class='ocrx_word' id='word_1_28' title='bbox 929 1576 978 1637; x_wconf 84' lang='lat' dir='ltr'>sua·</span> 
     </span>
     <span class='ocr_line' id='line_1_6' title="bbox 299 1654 979 1739; baseline -0.001 -20"><span class='ocrx_word' id='word_1_29' title='bbox 299 1662 396 1720; x_wconf 86' lang='lat' dir='ltr'>vitatis</span> <span class='ocrx_word' id='word_1_30' title='bbox 411 1658 548 1739; x_wconf 85' lang='lat' dir='ltr'>equidem</span> <span class='ocrx_word' id='word_1_31' title='bbox 563 1654 664 1717; x_wconf 84' lang='lat' dir='ltr'>nollrae</span> <span class='ocrx_word' id='word_1_32' title='bbox 676 1654 812 1715; x_wconf 87' lang='lat' dir='ltr'>fruendae</span> <span class='ocrx_word' id='word_1_33' title='bbox 827 1660 928 1730; x_wconf 69' lang='lat' dir='ltr'>causi,</span> <span class='ocrx_word' id='word_1_34' title='bbox 938 1678 979 1717; x_wconf 84' lang='lat' dir='ltr'>cu·</span> 
     </span>
     <span class='ocr_line' id='line_1_7' title="bbox 299 1738 979 1820; baseline -0.004 -20"><span class='ocrx_word' id='word_1_35' title='bbox 299 1760 402 1820; x_wconf 85' lang='lat' dir='ltr'>perem</span> <span class='ocrx_word' id='word_1_36' title='bbox 420 1758 449 1799; x_wconf 91' lang='lat' dir='ltr'>te</span> <span class='ocrx_word' id='word_1_37' title='bbox 469 1738 506 1798; x_wconf 90' lang='lat' dir='ltr'>ad</span> <span class='ocrx_word' id='word_1_38' title='bbox 521 1739 551 1797; x_wconf 89' lang='lat' dir='ltr'>id</span> <span class='ocrx_word' id='word_1_39' title='bbox 571 1756 686 1816; x_wconf 86' lang='lat' dir='ltr'>tempus</span> <span class='ocrx_word' id='word_1_40' title='bbox 700 1740 836 1810; x_wconf 85' lang='lat' dir='ltr'>venire,</span> <span class='ocrx_word' id='word_1_41' title='bbox 894 1738 930 1799; x_wconf 92' lang='lat' dir='ltr'>od</span> <span class='ocrx_word' id='word_1_42' title='bbox 944 1738 979 1797; x_wconf 89' lang='lat' dir='ltr'>di·</span> 
     </span>
     <span class='ocr_line' id='line_1_8' title="bbox 300 1818 979 1901; baseline -0.004 -20"><span class='ocrx_word' id='word_1_43' title='bbox 300 1840 397 1881; x_wconf 81' lang='lat' dir='ltr'>xeras:</span> <span class='ocrx_word' id='word_1_44' title='bbox 418 1819 467 1879; x_wconf 92' lang='lat' dir='ltr'>sed</span> <span class='ocrx_word' id='word_1_45' title='bbox 483 1819 553 1878; x_wconf 91' lang='lat' dir='ltr'>illud</span> <span class='ocrx_word' id='word_1_46' title='bbox 572 1818 649 1877; x_wconf 89' lang='lat' dir='ltr'>malo</span> <span class='ocrx_word' id='word_1_47' title='bbox 667 1834 770 1877; x_wconf 84' lang='lat' dir='ltr'>tamen</span> <span class='ocrx_word' id='word_1_48' title='bbox 790 1840 854 1899; x_wconf 87' lang='lat' dir='ltr'>quo</span> <span class='ocrx_word' id='word_1_49' title='bbox 894 1838 979 1901; x_wconf 85' lang='lat' dir='ltr'>putas,</span> 
     </span>
     <span class='ocr_line' id='line_1_9' title="bbox 302 1898 978 2039; baseline -0.003 -78"><span class='ocrx_word' id='word_1_50' title='bbox 302 1904 395 1961; x_wconf 85' lang='lat' dir='ltr'>mais</span> <span class='ocrx_word' id='word_1_51' title='bbox 423 1903 510 1961; x_wconf 83' lang='lat' dir='ltr'>eriam</span> <span class='ocrx_word' id='word_1_52' title='bbox 529 1900 578 1959; x_wconf 95' lang='lat' dir='ltr'>illa</span> <span class='ocrx_word' id='word_1_53' title='bbox 599 1900 743 1971; x_wconf 81' lang='lat' dir='ltr'>(etenim</span> <span class='ocrx_word' id='word_1_54' title='bbox 765 1903 863 2039; x_wconf 50' lang='lat' dir='ltr'>magis</span> <span class='ocrx_word' id='word_1_55' title='bbox 888 1898 978 1959; x_wconf 81' lang='lat' dir='ltr'>aellimo</span> 
     </span>
     <span class='ocr_line' id='line_1_10' title="bbox 301 1923 978 2063; baseline -0.006 -20"><span class='ocrx_word' id='word_1_56' title='bbox 301 1923 381 2063; x_wconf 38' lang='lat' dir='ltr'>mes</span> <span class='ocrx_word' id='word_1_57' title='bbox 400 1985 570 2058; x_wconf 65' lang='grc' dir='ltr'>ἆμφιλαφὲιιν</span> <span class='ocrx_word' id='word_1_58' title='bbox 591 1977 668 2037; x_wconf 71' lang='lat' dir='ltr'>illam</span> <span class='ocrx_word' id='word_1_59' title='bbox 690 1996 801 2051; x_wconf 86' lang='lat' dir='ltr'>tuam,</span> <span class='ocrx_word' id='word_1_60' title='bbox 874 1979 978 2059; x_wconf 71' lang='lat' dir='ltr'>exspet-</span> 
     </span>
     <span class='ocr_line' id='line_1_11' title="bbox 300 2058 979 2142; baseline -0.007 -18"><span class='ocrx_word' id='word_1_61' title='bbox 300 2066 443 2125; x_wconf 85' lang='lat' dir='ltr'>tationem</span> <span class='ocrx_word' id='word_1_62' title='bbox 460 2060 622 2119; x_wconf 86' lang='lat' dir='ltr'>debitorum</span> <span class='ocrx_word' id='word_1_63' title='bbox 637 2075 770 2119; x_wconf 90' lang='lat' dir='ltr'>tuorum.</span> <span class='ocrx_word' id='word_1_64' title='bbox 786 2058 868 2119; x_wconf 86' lang='lat' dir='ltr'>Illud</span> <span class='ocrx_word' id='word_1_65' title='bbox 882 2061 979 2142; x_wconf 84' lang='lat' dir='ltr'>quiden</span> 
     </span>
     <span class='ocr_line' id='line_1_12' title="bbox 304 2138 980 2219; baseline -0.006 -16"><span class='ocrx_word' id='word_1_66' title='bbox 304 2146 346 2203; x_wconf 89' lang='lat' dir='ltr'>sic</span> <span class='ocrx_word' id='word_1_67' title='bbox 365 2142 495 2212; x_wconf 87' lang='lat' dir='ltr'>habeto,</span> <span class='ocrx_word' id='word_1_68' title='bbox 514 2140 582 2198; x_wconf 86' lang='lat' dir='ltr'>nihil</span> <span class='ocrx_word' id='word_1_69' title='bbox 605 2138 688 2197; x_wconf 86' lang='lat' dir='ltr'>nobis</span> <span class='ocrx_word' id='word_1_70' title='bbox 710 2141 888 2219; x_wconf 88' lang='lat' dir='ltr'>expeditis,</span> <span class='ocrx_word' id='word_1_71' title='bbox 904 2144 925 2201; x_wconf 88' lang='lat' dir='ltr'>si</span> <span class='ocrx_word' id='word_1_72' title='bbox 937 2160 980 2199; x_wconf 79' lang='lat' dir='ltr'>vr·</span> 
     </span>
     <span class='ocr_line' id='line_1_13' title="bbox 303 2219 980 2301; baseline 0.001 -20"><span class='ocrx_word' id='word_1_73' title='bbox 303 2222 443 2294; x_wconf 90' lang='lat' dir='ltr'>lebimus,</span> <span class='ocrx_word' id='word_1_74' title='bbox 459 2219 524 2279; x_wconf 89' lang='lat' dir='ltr'>fore</span> <span class='ocrx_word' id='word_1_75' title='bbox 541 2219 723 2280; x_wconf 85' lang='lat' dir='ltr'>fortunatius.</span> <span class='ocrx_word' id='word_1_76' title='bbox 742 2220 843 2282; x_wconf 86' lang='lat' dir='ltr'>Parva</span> <span class='ocrx_word' id='word_1_77' title='bbox 861 2222 980 2301; x_wconf 67' lang='lat' dir='ltr'>suntque</span> 
     </span>
     <span class='ocr_line' id='line_1_14' title="bbox 305 2298 982 2379; baseline 0 -18"><span class='ocrx_word' id='word_1_78' title='bbox 305 2300 433 2376; x_wconf 77' lang='lat' dir='ltr'>desunt,</span> <span class='ocrx_word' id='word_1_79' title='bbox 456 2298 556 2361; x_wconf 83' lang='lat' dir='ltr'>nostris</span> <span class='ocrx_word' id='word_1_80' title='bbox 574 2298 693 2379; x_wconf 86' lang='lat' dir='ltr'>quidem</span> <span class='ocrx_word' id='word_1_81' title='bbox 719 2302 887 2377; x_wconf 86' lang='lat' dir='ltr'>moribus,</span> <span class='ocrx_word' id='word_1_82' title='bbox 914 2302 982 2363; x_wconf 81' lang='lat' dir='ltr'>&amp;et</span> 
     </span>
     <span class='ocr_line' id='line_1_15' title="bbox 303 2378 982 2462; baseline -0.003 -19"><span class='ocrx_word' id='word_1_83' title='bbox 303 2380 367 2443; x_wconf 89' lang='lat' dir='ltr'>sunt</span> <span class='ocrx_word' id='word_1_84' title='bbox 382 2383 419 2443; x_wconf 89' lang='lat' dir='ltr'>ad</span> <span class='ocrx_word' id='word_1_85' title='bbox 435 2378 634 2462; x_wconf 83' lang='lat' dir='ltr'>explicandum</span> <span class='ocrx_word' id='word_1_86' title='bbox 648 2381 895 2459; x_wconf 84' lang='lat' dir='ltr'>expeditissima,</span> <span class='ocrx_word' id='word_1_87' title='bbox 909 2380 982 2443; x_wconf 81' lang='lat' dir='ltr'>modb</span> 
     </span>
     <span class='ocr_line' id='line_1_16' title="bbox 304 2462 980 2527; baseline -0.007 0"><span class='ocrx_word' id='word_1_88' title='bbox 304 2464 463 2527; x_wconf 81' lang='lat' dir='ltr'>valeamus.</span> <span class='ocrx_word' id='word_1_89' title='bbox 485 2462 619 2520; x_wconf 81' lang='lat' dir='ltr'>Ambitus</span> <span class='ocrx_word' id='word_1_90' title='bbox 639 2464 718 2521; x_wconf 87' lang='lat' dir='ltr'>redit</span> <span class='ocrx_word' id='word_1_91' title='bbox 738 2463 897 2525; x_wconf 86' lang='lat' dir='ltr'>immanis:</span> <span class='ocrx_word' id='word_1_92' title='bbox 913 2482 980 2523; x_wconf 85' lang='lat' dir='ltr'>nuu-</span> 
     </span>
    </p>
   </div>
   <div class='ocr_carea' id='block_1_3' title="bbox 304 2540 1060 2787">
    <p class='ocr_par' dir='ltr' id='par_1_3' title="bbox 304 2540 1060 2787">
     <span class='ocr_line' id='line_1_17' title="bbox 349 2540 981 2623; baseline 0.002 -18"><span class='ocrx_word' id='word_1_93' title='bbox 349 2565 396 2606; x_wconf 89' lang='lat' dir='ltr'>am</span> <span class='ocrx_word' id='word_1_94' title='bbox 416 2543 469 2604; x_wconf 86' lang='lat' dir='ltr'>fuit</span> <span class='ocrx_word' id='word_1_95' title='bbox 490 2563 549 2622; x_wconf 88' lang='lat' dir='ltr'>par.</span> <span class='ocrx_word' id='word_1_96' title='bbox 572 2540 670 2601; x_wconf 87' lang='lat' dir='ltr'>ldibus</span> <span class='ocrx_word' id='word_1_97' title='bbox 690 2540 884 2623; x_wconf 88' lang='lat' dir='ltr'>Quintilibus</span> <span class='ocrx_word' id='word_1_98' title='bbox 906 2543 981 2605; x_wconf 79' lang='lat' dir='ltr'>foenut</span> 
     </span>
     <span class='ocr_line' id='line_1_18' title="bbox 319 2623 1060 2695; baseline 0.003 -8"><span class='ocrx_word' id='word_1_99' title='bbox 319 2629 359 2687; x_wconf 91' lang='lat' dir='ltr'>uit</span> <span class='ocrx_word' id='word_1_100' title='bbox 378 2623 507 2685; x_wconf 84' lang='lat' dir='ltr'>bessibus</span> <span class='ocrx_word' id='word_1_101' title='bbox 526 2642 563 2682; x_wconf 84' lang='lat' dir='ltr'>ex</span> <span class='ocrx_word' id='word_1_102' title='bbox 582 2625 709 2695; x_wconf 88' lang='lat' dir='ltr'>triente,</span> <span class='ocrx_word' id='word_1_103' title='bbox 733 2627 872 2686; x_wconf 88' lang='lat' dir='ltr'>coitione</span> <span class='ocrx_word' id='word_1_104' title='bbox 896 2625 979 2686; x_wconf 78' lang='lat' dir='ltr'>Mem·</span> <span class='ocrx_word' id='word_1_105' title='bbox 1058 2681 1060 2690; x_wconf 92' lang='lat'><em>.</em></span> 
     </span>
     <span class='ocr_line' id='line_1_19' title="bbox 304 2698 1060 2787; baseline 0.004 -22"><span class='ocrx_word' id='word_1_106' title='bbox 304 2709 375 2777; x_wconf 89' lang='lat' dir='ltr'>rnii,</span> <span class='ocrx_word' id='word_1_107' title='bbox 390 2726 475 2787; x_wconf 87' lang='lat' dir='ltr'>quam</span> <span class='ocrx_word' id='word_1_108' title='bbox 490 2724 555 2763; x_wconf 87' lang='lat' dir='ltr'>cum</span> <span class='ocrx_word' id='word_1_109' title='bbox 568 2700 704 2762; x_wconf 89' lang='lat' dir='ltr'>Domitio</span> <span class='ocrx_word' id='word_1_110' title='bbox 723 2702 842 2767; x_wconf 86' lang='lat' dir='ltr'>habuit.</span> <span class='ocrx_word' id='word_1_111' title='bbox 858 2706 980 2776; x_wconf 82' lang='lat' dir='ltr'>Scaurus,</span> <span class='ocrx_word' id='word_1_112' title='bbox 1057 2698 1060 2769; x_wconf 56' lang='lat' dir='ltr'>J</span> 
     </span>
    </p>
   </div>
   <div class='ocr_carea' id='block_1_4' title="bbox 305 2780 979 2848">
    <p class='ocr_par' dir='ltr' id='par_1_4' title="bbox 305 2780 979 2848">
     <span class='ocr_line' id='line_1_20' title="bbox 305 2780 979 2848; baseline 0 -3"><span class='ocrx_word' id='word_1_113' title='bbox 305 2807 394 2846; x_wconf 91' lang='lat' dir='ltr'>unum</span> <span class='ocrx_word' id='word_1_114' title='bbox 413 2789 540 2845; x_wconf 84' lang='lat' dir='ltr'>vincere.</span> <span class='ocrx_word' id='word_1_115' title='bbox 557 2780 686 2842; x_wconf 83' lang='lat' dir='ltr'>Messalla</span> <span class='ocrx_word' id='word_1_116' title='bbox 705 2783 827 2848; x_wconf 81' lang='lat' dir='ltr'>flaccet.</span> <span class='ocrx_word' id='word_1_117' title='bbox 845 2786 914 2847; x_wconf 93' lang='lat' dir='ltr'>Non</span> <span class='ocrx_word' id='word_1_118' title='bbox 930 2788 979 2845; x_wconf 88' lang='lat' dir='ltr'>dico</span> 
     </span>
    </p>
   </div>
   <div class='ocr_carea' id='block_1_5' title="bbox 306 2862 1060 2935">
    <p class='ocr_par' dir='ltr' id='par_1_5' title="bbox 306 2862 1060 2935">
     <span class='ocr_line' id='line_1_21' title="bbox 306 2862 1060 2935; baseline -0.001 -11"><span class='ocrx_word' id='word_1_119' title='bbox 306 2866 505 2935; x_wconf 66' lang='grc' dir='ltr'>ὀπιρίολικὸςε</span> <span class='ocrx_word' id='word_1_120' title='bbox 534 2864 581 2923; x_wconf 86' lang='lat' dir='ltr'>vel</span> <span class='ocrx_word' id='word_1_121' title='bbox 600 2862 670 2922; x_wconf 87' lang='lat' dir='ltr'>H·S</span> <span class='ocrx_word' id='word_1_122' title='bbox 688 2868 805 2926; x_wconf 86' lang='lat' dir='ltr'>centies</span> <span class='ocrx_word' id='word_1_123' title='bbox 829 2865 981 2929; x_wconf 84' lang='lat' dir='ltr'>constituunt</span> <span class='ocrx_word' id='word_1_124' title='bbox 1059 2927 1060 2933; x_wconf 7' lang='grc' dir='ltr'>χ</span> 
     </span>
    </p>
   </div>
   <div class='ocr_carea' id='block_1_6' title="bbox 305 2945 1060 3597">
    <p class='ocr_par' dir='ltr' id='par_1_6' title="bbox 305 2945 1060 3597">
     <span class='ocr_line' id='line_1_22' title="bbox 305 2945 980 3022; baseline 0.003 -21"><span class='ocrx_word' id='word_1_125' title='bbox 305 2945 337 3001; x_wconf 83' lang='grc' dir='ltr'>ἰη</span> <span class='ocrx_word' id='word_1_126' title='bbox 356 2945 541 3022; x_wconf 82' lang='lat' dir='ltr'>praerogativa</span> <span class='ocrx_word' id='word_1_127' title='bbox 564 2945 762 3022; x_wconf 87' lang='lat' dir='ltr'>pronuntiare.</span> <span class='ocrx_word' id='word_1_128' title='bbox 781 2946 846 3008; x_wconf 87' lang='lat' dir='ltr'>Res</span> <span class='ocrx_word' id='word_1_129' title='bbox 867 2950 980 3009; x_wconf 85' lang='lat' dir='ltr'>ardetin·</span> 
     </span>
     <span class='ocr_line' id='line_1_23' title="bbox 306 3021 1060 3109; baseline 0 -26"><span class='ocrx_word' id='word_1_130' title='bbox 306 3023 396 3083; x_wconf 72' lang='lat' dir='ltr'>vidit.</span> <span class='ocrx_word' id='word_1_131' title='bbox 425 3021 580 3082; x_wconf 87' lang='lat' dir='ltr'>Tribunitii</span> <span class='ocrx_word' id='word_1_132' title='bbox 607 3025 751 3084; x_wconf 89' lang='lat' dir='ltr'>candidati</span> <span class='ocrx_word' id='word_1_133' title='bbox 781 3027 959 3109; x_wconf 82' lang='lat' dir='ltr'>compromis</span> <span class='ocrx_word' id='word_1_134' title='bbox 968 3058 981 3071; x_wconf 91' lang='lat'><strong>·</strong></span> <span class='ocrx_word' id='word_1_135' title='bbox 1058 3078 1060 3083; x_wconf 92' lang='lat'><em>.</em></span> 
     </span>
     <span class='ocr_line' id='line_1_24' title="bbox 308 3101 1060 3193; baseline 0.001 -29"><span class='ocrx_word' id='word_1_136' title='bbox 308 3120 390 3176; x_wconf 90' lang='lat' dir='ltr'>runt,</span> <span class='ocrx_word' id='word_1_137' title='bbox 406 3101 472 3163; x_wconf 89' lang='lat' dir='ltr'>H·S</span> <span class='ocrx_word' id='word_1_138' title='bbox 490 3106 641 3184; x_wconf 81' lang='lat' dir='ltr'>quingenis</span> <span class='ocrx_word' id='word_1_139' title='bbox 660 3107 689 3162; x_wconf 92' lang='lat' dir='ltr'>in</span> <span class='ocrx_word' id='word_1_140' title='bbox 704 3107 843 3187; x_wconf 87' lang='lat' dir='ltr'>singulos</span> <span class='ocrx_word' id='word_1_141' title='bbox 864 3109 935 3191; x_wconf 88' lang='lat' dir='ltr'>apud</span> <span class='ocrx_word' id='word_1_142' title='bbox 948 3104 981 3166; x_wconf 86' lang='lat' dir='ltr'>ll.</span> <span class='ocrx_word' id='word_1_143' title='bbox 1052 3160 1060 3193; x_wconf 48' lang='grc' dir='ltr'>ἰ</span> 
     </span>
     <span class='ocr_line' id='line_1_25' title="bbox 309 3182 1060 3265; baseline 0.004 -19"><span class='ocrx_word' id='word_1_144' title='bbox 309 3182 455 3246; x_wconf 89' lang='lat' dir='ltr'>Catonem</span> <span class='ocrx_word' id='word_1_145' title='bbox 469 3184 623 3262; x_wconf 85' lang='lat' dir='ltr'>depositis,</span> <span class='ocrx_word' id='word_1_146' title='bbox 640 3203 740 3265; x_wconf 87' lang='lat' dir='ltr'>petere</span> <span class='ocrx_word' id='word_1_147' title='bbox 759 3184 827 3260; x_wconf 77' lang='lat' dir='ltr'>ejus</span> <span class='ocrx_word' id='word_1_148' title='bbox 846 3193 981 3259; x_wconf 80' lang='lat' dir='ltr'>arbitrant,</span> <span class='ocrx_word' id='word_1_149' title='bbox 1052 3219 1060 3229; x_wconf 91' lang='lat'><strong>·</strong></span> 
     </span>
     <span class='ocr_line' id='line_1_26' title="bbox 309 3263 1055 3345; baseline -0.003 -18"><span class='ocrx_word' id='word_1_150' title='bbox 309 3285 341 3327; x_wconf 91' lang='lat' dir='ltr'>ut</span> <span class='ocrx_word' id='word_1_151' title='bbox 361 3267 410 3345; x_wconf 91' lang='lat' dir='ltr'>qui</span> <span class='ocrx_word' id='word_1_152' title='bbox 429 3266 528 3325; x_wconf 72' lang='lat' dir='ltr'>contri</span> <span class='ocrx_word' id='word_1_153' title='bbox 548 3263 674 3340; x_wconf 83' lang='lat' dir='ltr'>fecillet,</span> <span class='ocrx_word' id='word_1_154' title='bbox 694 3266 731 3323; x_wconf 85' lang='lat' dir='ltr'>ab</span> <span class='ocrx_word' id='word_1_155' title='bbox 753 3288 793 3326; x_wconf 87' lang='lat' dir='ltr'>eo</span> <span class='ocrx_word' id='word_1_156' title='bbox 821 3273 983 3332; x_wconf 84' lang='lat' dir='ltr'>condemna·</span> <span class='ocrx_word' id='word_1_157' title='bbox 1050 3295 1055 3304; x_wconf 96' lang='lat'><em>·</em></span> 
     </span>
     <span class='ocr_line' id='line_1_27' title="bbox 310 3346 1060 3434; baseline -0.004 -27"><span class='ocrx_word' id='word_1_158' title='bbox 310 3362 398 3407; x_wconf 89' lang='lat' dir='ltr'>retur.</span> <span class='ocrx_word' id='word_1_159' title='bbox 426 3346 503 3425; x_wconf 83' lang='lat' dir='ltr'>Quae</span> <span class='ocrx_word' id='word_1_160' title='bbox 531 3347 648 3426; x_wconf 88' lang='lat' dir='ltr'>quidem</span> <span class='ocrx_word' id='word_1_161' title='bbox 674 3350 795 3407; x_wconf 88' lang='lat' dir='ltr'>comitia</span> <span class='ocrx_word' id='word_1_162' title='bbox 827 3356 943 3432; x_wconf 85' lang='lat' dir='ltr'>gratuita</span> <span class='ocrx_word' id='word_1_163' title='bbox 966 3348 983 3405; x_wconf 82' lang='lat' dir='ltr'>si</span> <span class='ocrx_word' id='word_1_164' title='bbox 1048 3399 1060 3434; x_wconf 58' lang='grc' dir='ltr'>ε</span> 
     </span>
     <span class='ocr_line' id='line_1_28' title="bbox 310 3424 984 3505; baseline 0.004 -20"><span class='ocrx_word' id='word_1_165' title='bbox 310 3424 435 3498; x_wconf 87' lang='lat' dir='ltr'>fuerint,</span> <span class='ocrx_word' id='word_1_166' title='bbox 451 3444 481 3486; x_wconf 91' lang='lat' dir='ltr'>ut</span> <span class='ocrx_word' id='word_1_167' title='bbox 497 3446 649 3505; x_wconf 89' lang='lat' dir='ltr'>putantur,</span> <span class='ocrx_word' id='word_1_168' title='bbox 667 3426 731 3505; x_wconf 90' lang='lat' dir='ltr'>plus</span> <span class='ocrx_word' id='word_1_169' title='bbox 750 3449 829 3490; x_wconf 90' lang='lat' dir='ltr'>unus</span> <span class='ocrx_word' id='word_1_170' title='bbox 848 3432 922 3493; x_wconf 87' lang='lat' dir='ltr'>Cato</span> <span class='ocrx_word' id='word_1_171' title='bbox 937 3429 984 3489; x_wconf 85' lang='lat' dir='ltr'>fue·</span> 
     </span>
     <span class='ocr_line' id='line_1_29' title="bbox 310 3508 1060 3597; baseline 0.001 -29"><span class='ocrx_word' id='word_1_172' title='bbox 310 3511 364 3584; x_wconf 86' lang='lat' dir='ltr'>rit,</span> <span class='ocrx_word' id='word_1_173' title='bbox 379 3508 465 3591; x_wconf 72' lang='lat' dir='ltr'>quim</span> <span class='ocrx_word' id='word_1_174' title='bbox 478 3529 579 3570; x_wconf 89' lang='lat' dir='ltr'>omnes</span> <span class='ocrx_word' id='word_1_175' title='bbox 593 3508 691 3590; x_wconf 86' lang='lat' dir='ltr'>leges,</span> <span class='ocrx_word' id='word_1_176' title='bbox 702 3510 869 3594; x_wconf 89' lang='lat' dir='ltr'>omnesque</span> <span class='ocrx_word' id='word_1_177' title='bbox 879 3511 984 3596; x_wconf 81' lang='lat' dir='ltr'>judicet.</span> <span class='ocrx_word' id='word_1_178' title='bbox 1050 3557 1060 3597; x_wconf 48' lang='grc' dir='ltr'>ξ</span> 
     </span>
    </p>
   </div>
   <div class='ocr_carea' id='block_1_7' title="bbox 0 0 1232 5492">
    <p class='ocr_par' dir='ltr' id='par_1_7' title="bbox 0 0 1232 5492">
     <span class='ocr_line' id='line_1_30' title="bbox 0 0 1232 5492; baseline 0 0"><span class='ocrx_word' id='word_1_179' title='bbox 0 0 1232 5492; x_wconf 95' lang='lat' dir='ltr'> </span> 
     </span>
    </p>
   </div>
  </div>
 </body>
</html>
