2409 5492
327 1256 396 1323 Ar)
408 1252 659 1346 Q.FnArnrM
673 1250 834 1322 nram.
864 1274 935 1348 37¹

264 1369 299 1429 ab
317 1388 357 1430 eo
378 1368 550 1448 ponticulo,
565 1370 614 1450 qui
627 1367 667 1428 est
686 1369 722 1427 ad
737 1366 849 1428 Furinae
863 1413 872 1441 ,
888 1366 947 1428 Sa·

256 1454 361 1511 t‘ricum
384 1450 510 1508 versis:
529 1470 566 1510 eo
587 1450 655 1509 loco
674 1450 791 1527 pulvis,
808 1470 868 1509 non
883 1450 947 1531 gla-

257 1550 309 1592 rea
330 1528 436 1606 injedia
459 1527 499 1589 est
521 1551 528 1588 ε
549 1548 578 1589 at
598 1530 762 1590 mutabitur.
776 1527 814 1589 Et
835 1550 870 1591 ea
890 1531 951 1591 viae

259 1633 323 1693 pars
342 1611 428 1672 valde
445 1610 560 1671 acclivis
581 1608 640 1669 est:
654 1610 703 1670 sed
719 1611 847 1670 intellexi
866 1610 948 1669 alite'r

259 1692 327 1751 duci
337 1712 398 1753 non
413 1688 554 1770 potuille‚
568 1690 724 1770 praesertim
745 1711 833 1771 quum
850 1708 882 1750 tu
894 1710 949 1750 ne·

259 1784 316 1854 que
348 1792 380 1833 er
392 1769 542 1845 Locustae,
556 1791 652 1851 neque
664 1791 716 1851 per
727 1770 866 1831 Varronis
878 1771 946 1831 vel-

261 1853 302 1914 les
322 1793 441 1915 ducere.
462 1850 605 1913 Veluinus
625 1869 692 1912 ante
717 1850 798 1911 suurn
822 1849 945 1911 fundum

259 1935 354 2016 prope
382 1933 547 1992 munierat:
567 1930 690 1992 Locusta
714 1953 774 1991 non
798 1933 950 2014 attigerat;

260 2028 351 2096 quem
364 2032 422 2095 ego
443 2011 545 2071 Romae
562 2014 731 2153 αςὲἶεάἱετ,
749 2013 802 2086 &‚
821 2033 852 2072 ut
871 2012 948 2071 arbi·

260 2112 339 2166 troc,
353 2094 551 2154 commovebo
570 2115 577 2152 ε
639 2094 726 2154 simul
742 2093 785 2151 M.
798 2092 949 2166 Taurum,

260 2186 352 2255 quent
363 2175 418 2235 tibi
436 2174 523 2233 audio
535 2174 695 2255 promisisse
708 2218 717 2247 ,
732 2176 780 2255 qui
797 2195 872 2232 nunc
888 2170 951 2232 Ro·

265 2274 320 2315 rnae
337 2271 419 2326 erat,
437 2254 474 2313 de
499 2276 516 2314 a
538 2278 574 2314 ua
596 2275 650 2336 per
670 2254 792 2314 fundum
809 2251 870 2333 ejus
891 2254 951 2313 du-

238 2336 249 2347 *
264 2335 358 2398 tenda
376 2334 499 2417 rogabo.
515 2276 715 2414 hicephorum
726 2335 856 2394 villicum
868 2352 951 2394 tuum

267 2415 493 2496 sanezprobavi3
512 2416 631 2497 quaesivi
670 2434 688 2479 e
712 2434 822 2488 exeo,
844 2413 953 2495 ecquid

269 2500 295 2558 ei
316 2497 352 2557 de
370 2498 419 2556 illa
437 2495 673 2557 adificatiuncua
690 2496 816 2568 Laterii,
837 2494 873 2553 de
894 2516 954 2575 qua

267 2596 384 2637 mecum
402 2576 513 2637 locutus
534 2597 586 2651 es,
609 2574 797 2636 mandavilles
817 2593 825 2632 τ
845 2591 906 2634 tunt
928 2577 954 2634 is

269 2659 338 2719 mihi
357 2657 524 2737 respondit,
542 2658 570 2717 se
593 2656 685 2736 ipsum
702 2653 763 2733 ejus
778 2658 874 2734 operis
889 2653 955 2714 Hs

266 2743 330 2799 'xvl
359 2737 567 2799 condufiorem
591 2735 672 2799 fuille
692 2755 701 2807 3
736 2733 786 2795 sed
807 2753 835 2795 tc
856 2731 957 2816 postea

270 2819 359 2879 multa
376 2819 513 2879 addidille
525 2819 561 2878 ad
573 2840 667 2898 opus,
680 2816 748 2875 nihil
760 2816 796 2876 ad
807 2817 930 2896 pretium
945 2836 955 2875 t

271 2900 365 2980 itaque
381 2901 411 2959 id
433 2899 460 2960 se
479 2897 613 2960 omisisse.
634 2898 709 2957 Mihi
731 2897 847 2958 hercule
868 2894 957 2958 valde

272 2981 389 3061 placet,
405 2998 434 3040 te
452 2979 522 3053 illa,
542 2996 573 3039 ut
592 2977 802 3052 constituebas,
824 2979 929 3038 addere
946 2996 956 3036 a

275 3081 448 3142 quamquam
469 3081 505 3120 ea
519 3061 609 3132 villa,
631 3081 693 3140 quae
710 3079 786 3120 nunc
806 3059 847 3118 est
858 3105 869 3132 ,
881 3076 960 3118 tarn·

275 3162 360 3222 quam
383 3140 553 3222 philosopha
563 3141 678 3200 videtur
689 3138 765 3212 elle,
779 3160 843 3216 quae
856 3137 961 3216 objur-

279 3240 327 3304 get
341 3241 505 3282 ceterarum
519 3221 653 3281 villarum
671 3219 806 3277 insaniam
820 3238 828 3275 ε
844 3230 962 3277 verum·

276 3316 374 3363 tamen
388 3301 458 3362 illud
471 3301 600 3360 additum
614 3297 775 3358 delettabit.
788 3294 964 3378 Topiariutn

277 3381 392 3443 laudavi
402 3405 409 3443 :
419 3386 458 3442 ita
470 3383 568 3442 omnia
582 3377 752 3441 convestivit
764 3379 870 3438 hederi
881 3424 890 3449 ‚
902 3374 962 3459 qui

278 3462 368 3522 basim
398 3465 495 3534 villae,
515 3462 570 3542 qui
590 3460 809 3522 intercolumnia
834 3458 966 3518 ambula-

278 3545 364 3604 tionis
382 3565 392 3618 ;
412 3563 444 3604 ut
467 3544 591 3624 denique
613 3542 654 3601 illi
682 3541 790 3621 palliati
814 3539 967 3620 topiariam

280 3621 374 3684 facere
398 3626 575 3696 videantur,
605 3622 636 3681 &
665 3620 802 3680 hederam
825 3619 967 3682 vendere.

273 3701 344 3763 'Iam
362 3705 523 3787 ἀποδυτηρίῳ
541 3702 612 3763 nihil
632 3701 738 3777 alsius,
758 3699 827 3758 nihil
848 3700 968 3761 musco-

276 3784 349 3849 ·sins.
369 3784 469 3846 Habes
486 3784 548 3848 fer'e
571 3783 610 3846 de
626 3786 712 3847 rebus
730 3778 847 3842 rusticis.
865 3781 968 3857 Urba·⁴
1022 3794 1026 3805 ’

767 3859 848 3948 ij
