2409 5492
301 1259 363 1309 Ar)
380 1241 426 1333 Q.
440 1242 641 1311 frarann
656 1242 743 1310 Lm.
758 1243 789 1314 Ι.
801 1303 806 1311 .
820 1262 895 1337 307

209 1356 323 1438 reliqua
341 1354 435 1414 videri
457 1354 581 1414 mitiora.
606 1354 722 1417 Pollunt
742 1359 771 1418 in
789 1359 899 1439 pallio·

209 1436 295 1497 nibus
316 1433 456 1495 faciendis
479 1454 539 1494 non
560 1434 656 1516 legem
675 1435 800 1517 spellare
818 1458 893 1499 cen.

208 1516 337 1590 soriam,
356 1513 406 1575 sed
424 1516 522 1594 potiirs
543 1516 781 1579 commoditatem
801 1516 895 1578 confi·

208 1596 308 1659 ciendi
328 1596 459 1678 negotii,
477 1595 508 1653 &
526 1594 728 1658 liberationem
745 1597 893 1659 molestiae.

209 1675 301 1738 Potes
317 1679 405 1736 etiam
422 1689 455 1734 tu
470 1675 501 1735 id
519 1673 638 1748 facere,
657 1678 737 1757 qnod
756 1677 896 1740 &fecisti

210 1757 349 1840 egregie,
363 1756 396 1816 &
406 1752 492 1830 facis,
502 1774 535 1815 ut
548 1776 780 1831 commemores,
791 1778 897 1839 quanta

210 1842 249 1900 sit
271 1840 304 1898 in
347 1836 483 1896 ublicanis
507 1835 659 1917 dignitas,
681 1854 819 1917 quantum
840 1859 898 1899 nos

211 1919 254 1978 illi
276 1940 297 1979 o
333 1919 375 1977 ini
395 1916 551 1976 debeamus
573 1937 583 1989 3
614 1931 646 1976 nt
664 1935 779 1978 remoto
800 1920 839 1977 im
861 1939 898 1978 e·

211 2000 285 2072 rio,
319 2018 354 2057 ac
373 1998 405 2058 vi
423 1993 570 2075 potestatis
590 1996 623 2055 &
638 1995 756 2057 fascium
771 2043 780 2072 ‚
801 1940 902 2078 pulli·

214 2100 304 2169 carros
319 2097 386 2137 cum
401 2075 512 2137 Graecis
530 2077 621 2171 gratia
634 2093 719 2218 argue
734 2076 899 2173 andloritate

214 2155 569 2310 {millii
584 2177 704 2317 ”i'qui
723 2159 900 2299 lliblmll}

215 2320 326 2383 debent
340 2363 350 2392 ‚
366 2319 422 2378 hoc
437 2333 537 2398 petas;
556 2333 588 2376 ut
605 2315 739 2379 facilitate
760 2318 828 2392 sut,
845 2341 899 2380 nos

213 2420 280 2462 eam
304 2398 566 2472 necessitudinem,
611 2419 654 2458 uae
672 2396 712 2458 est
729 2400 813 2459 nobis
832 2420 899 2459 cum

215 2481 410 2577 nublicanis,
441 2477 573 2538 obtinere
650 2477 819 2541 conservate
846 2500 901 2560 pa·

214 2578 332 2623 uantur.

254 2640 309 2703 28.
329 2637 389 2700 Sed
409 2637 478 2718 quid
496 2657 554 2720 ego
573 2651 607 2698 re
622 2636 685 2696 haee
702 2635 823 2710 hortor,
836 2655 904 2716 quae

217 2738 249 2781 m
276 2740 339 2782 non
363 2717 454 2778 modo
476 2716 572 2780 facere
594 2735 680 2796 potes
701 2718 750 2777 tud
774 2715 904 2795 sponte,

217 2802 280 2863 aine
302 2796 467 2878 cujusquam
481 2800 634 2879 praeceptis
654 2796 721 2870 ‚sed
740 2798 826 2857 etiarn
845 2817 905 2855 ma·

239 2882 276 2941 nl
299 2878 359 2940 'am
385 2899 421 2939 ex
446 2897 526 2957 parte
552 2877 719 2958 perfecisti?
742 2897 802 2937 non
825 2878 903 2937 enim

218 2900 360 3023 desidunt
395 2958 480 3018 nobis
514 2976 599 3038 agere
656 2957 765 3018 uotidie
800 2960 904 3041 gratias

219 3040 428 3103 honestissima
445 3039 477 3098 &
493 3041 625 3097 maximae
636 2979 803 3099 locietates:
822 3038 903 3118 quod

221 3122 342 3203 quidem
359 3120 429 3179 mihi
446 3119 554 3178 idcirco
573 3117 723 3196 jucundius
742 3117 804 3190 est,
825 3118 905 3199 quod

220 3202 300 3265 idem
322 3201 432 3262 faciunt
456 3197 561 3260 Graeci.
590 3197 719 3258 Difficile
742 3197 782 3258 est
804 3217 902 3257 autem

222 3279 575 3433 infrenem:
594 3279 906 3434 elizama}

241 3462 302 3507 ere.
327 3440 425 3502 Area
445 3440 586 3519 quidem,
610 3461 673 3518 quae
698 3437 781 3517 supr'a
802 3436 906 3516 scripta

234 3538 317 3594 unt,
348 3541 408 3580 non
442 3526 486 3580 ιιιΙ
505 3536 534 3579 te
570 3517 776 3590 instituerem,
808 3516 908 3595 scripsi

224 3600 356 3683 (neque
385 3600 465 3665 enirn
490 3598 643 3679 prudentia
669 3615 717 3658 tua
743 3593 907 3675 cujusquam

223 3700 369 3762 praecepta
385 3678 556 3760 desiderat)
576 3678 625 3740 sed
644 3697 690 3739 me
708 3680 738 3737 in
756 3675 907 3739 scribendo

224 3761 468 3826 commemoratio
497 3778 555 3822 tuae
586 3760 697 3824 virtutis
725 3755 910 3822 deleilavitr
