2409 5492
295 1257 358 1345 Ap
373 1237 416 1330 Q.
430 1242 626 1308 Famam
639 1242 729 1312 Lus.
742 1242 790 1314 II.
822 1240 896 1339 363

212 1353 337 1436 φᾶζιῖαι.
355 1352 478 1413 Calamo
495 1353 526 1412 &
543 1371 703 1418 atramento
717 1374 901 1439 temperato,

212 1435 313 1494 charri
339 1438 428 1494 etiam
449 1434 564 1495 dentati
589 1457 633 1498 res
656 1454 774 1534 agetur:
803 1437 901 1497 scribis

212 1519 292 1577 enim
314 1530 344 1574 re
368 1535 447 1575 meas
468 1516 575 1576 litteras
598 1516 757 1597 superiores
781 1520 832 1577 vix
851 1519 901 1578 le-

212 1616 281 1736 ἴτε
307 1594 431 1676 potuisse
449 1613 459 1666 ;
488 1599 518 1656 in
540 1618 599 1678 quo
620 1598 688 1658 nihil
710 1618 834 1673 eorum,
859 1600 901 1658 mi

239 1694 317 1751 ater,
331 1676 405 1751 fuit,
420 1697 483 1759 quae
500 1693 597 1757 putas:
613 1678 707 1760 neque
722 1682 799 1739 enim
812 1699 902 1739 occu-

214 1772 297 1838 patus
318 1777 422 1830 eram,
440 1777 533 1836 neque
555 1762 755 1838 perturbatus,
772 1779 826 1819 nec
843 1763 901 1818 ira·

214 1855 257 1898 tus
273 1839 377 1898 alicui:
395 1835 443 1896 sed
461 1839 517 1896 hoc
537 1838 612 1900 facio
633 1840 768 1921 semper,
786 1856 817 1898 ut
837 1843 902 1920 qu²·

218 1939 343 2001 uimque
360 1918 485 1977 calamus
507 1920 537 1978 in
558 1941 659 1982 manus
675 1940 753 1980 meas
769 1924 901 1994 venerit,

217 2018 252 2060 eo
265 2002 307 2059 sic
319 2018 383 2058 utar
395 2017 540 2081 tamquam
553 2001 644 2061 bono.
663 2001 774 2062 Verum
785 2001 902 2062 attende

218 2101 313 2154 nunc,
331 2081 405 2139 mio
428 2082 498 2140 time
512 2081 723 2144 &suavissime
742 2081 847 2154 frater,
863 2080 901 2143 ad

217 2180 250 2221 ea
275 2161 347 2220 dum
370 2101 519 2235 ressribo,
541 2184 605 2243 quae
626 2180 656 2224 tu
675 2166 704 2223 in
723 2162 775 2222 hac
794 2163 900 2223 eadem

216 2242 297 2302 brevi
329 2239 448 2320 epistola
478 2248 670 2320 πμγμιΊικὸε
704 2244 789 2304 valde
825 2242 897 2303 scri-

217 2320 302 2402 psisti.
323 2320 372 2381 De
384 2343 442 2402 quo
456 2324 549 2401 petis,
566 2342 597 2382 ut
609 2323 647 2383 ad
663 2341 691 2384 te
709 2324 778 2383 nihil
796 2326 898 2383 occul·

217 2418 302 2477 tans,
327 2403 397 2462 nihil
419 2402 619 2477 dissimulans,
637 2405 706 2464 nihil
726 2405 777 2463 tibi
800 2404 901 2463 indul-

217 2502 312 2566 gens,
340 2484 464 2565 genuine
483 2481 663 2564 fraternsque
682 2483 855 2554 rescribam,
869 2484 902 2543 id

218 2564 277 2639 est,
296 2568 393 2624 utrum
415 2565 521 2637 voles,
541 2582 571 2624 ut
592 2564 737 2638 diximus,
757 2564 795 2624 ad
810 2584 901 2645 expe-

218 2646 356 2706 diendum
370 2664 417 2718 te,
434 2666 488 2715 art,
499 2648 522 2702 si
533 2644 613 2703 causa
626 2648 681 2717 sit,
700 2665 899 2705 commorere:

218 2729 265 2800 ti,
289 2728 330 2785 mi
345 2725 478 2805 Quinte,
503 2746 593 2805 parva
614 2727 707 2805 aiiqua
731 2746 776 2787 res
797 2724 865 2784 esset
888 2770 899 2799 ,

217 2809 245 2865 in
262 2828 328 2888 ·qua
346 2806 513 2867 sciscitarere
537 2806 605 2886 quid
627 2807 757 2879 vellem;
779 2825 897 2881 tamen,

218 2908 305 2969 quum
324 2888 376 2946 tibi
390 2886 569 2968 permissurus
589 2885 697 2961 essem,
716 2905 746 2946 ut
764 2885 893 2961 faceres,

218 2969 297 3108 puod
308 2969 417 3042 velles,
428 2990 484 3050 ego
498 2967 574 3048 ipse,
585 2970 654 3108 sppid
665 2969 789 3043 vellem,
803 2967 899 3029 osterr-

238 3069 329 3110 erem.
345 3049 379 3109 ln
396 3051 447 3108 hac
465 3051 536 3108 verb
554 3070 584 3109 re
619 3071 653 3109 oc
668 3049 799 3131 profesti>
819 3071 898 3128 quae-

217 3132 278 3205 ris,
297 3128 458 3205 cuiusmodi
475 3131 556 3188 illum
575 3151 679 3190 armum
698 3175 708 3204 ,
732 3134 779 3209 qui
801 3129 899 3208 sequi-

217 3229 280 3284 tut,
290 3209 470 3290 exspe&em:
485 3211 569 3289 plan‘e
585 3225 633 3269 aut
644 3210 827 3288 tranquillum
843 3230 900 3268 no-

217 3289 280 3365 bis,
296 3310 345 3352 aut
365 3293 442 3352 certe
461 3294 704 3363 munitissimum3
727 3289 806 3371 quod
823 3311 900 3369 quo·

217 3372 287 3433 tidie
312 3374 437 3445 domus,
463 3372 543 3451 quod
562 3370 682 3445 forum,
701 3370 780 3452 quod
797 3371 900 3430 theatri

217 3451 441 3535 significationes
469 3452 643 3511 declarant:
668 3472 722 3511 nec
745 3451 898 3524 laborant,

218 3533 299 3612 qubd
326 3555 391 3594 mea
418 3532 590 3593 conscientia
616 3535 763 3613 copiarum
787 3529 899 3590 nostra-

218 3633 303 3688 rum,
324 3614 404 3694 quiid
425 3613 560 3685 Caesaris,
583 3617 662 3692 qubd
682 3612 810 3691 Pompeii
833 3632 897 3692 gra-

217 3694 289 3752 tiam
307 3714 449 3754 tenemus.
478 3693 548 3751 Haec
566 3664 645 3765 ine,
668 3711 699 3752 ut
723 3691 866 3750 confidam
888 3737 898 3765 ‚

216 3773 344 3836 saciuntt
361 3778 406 3836 sin
426 3775 527 3855 aliquis
546 3792 680 3856 erumpet
699 3775 819 3861 atneptis
842 3774 899 3834 ho·

707 3851 779 3934 Qu
