<?xml version="1.0" encoding="UTF-8"?>
<!DOCTYPE html PUBLIC "-//W3C//DTD XHTML 1.0 Transitional//EN"
    "http://www.w3.org/TR/xhtml1/DTD/xhtml1-transitional.dtd">
<html xmlns="http://www.w3.org/1999/xhtml" xml:lang="en" lang="en">
 <head>
  <title>
</title>
<meta http-equiv="Content-Type" content="text/html;charset=utf-8" />
  <meta name='ocr-system' content='tesseract 3.04.00' />
  <meta name='ocr-capabilities' content='ocr_page ocr_carea ocr_par ocr_line ocrx_word'/>
</head>
<body>
  <div class='ocr_page' id='page_1' title='image "./mtulliiciceroni09lallgoog/mtulliiciceroni09lallgoog_0266.png"; bbox 0 0 2409 5492; ppageno 0'>
   <div class='ocr_carea' id='block_1_1' title="bbox 318 1271 851 1348">
    <p class='ocr_par' dir='ltr' id='par_1_1' title="bbox 318 1271 851 1348">
     <span class='ocr_line' id='line_1_1' title="bbox 318 1271 851 1348; baseline -0.019 -2"><span class='ocrx_word' id='word_1_1' title='bbox 318 1273 397 1348; x_wconf 83' lang='lat'>266</span> <span class='ocrx_word' id='word_1_2' title='bbox 469 1271 851 1341; x_wconf 68' lang='lat' dir='ltr'>Erisroaanvir</span> 
     </span>
    </p>
   </div>
   <div class='ocr_carea' id='block_1_2' title="bbox 316 1377 1042 2751">
    <p class='ocr_par' dir='ltr' id='par_1_2' title="bbox 316 1377 1042 2751">
     <span class='ocr_line' id='line_1_2' title="bbox 316 1377 1007 1471; baseline -0.009 -21"><span class='ocrx_word' id='word_1_3' title='bbox 316 1386 398 1471; x_wconf 85' lang='lat' dir='ltr'>quod</span> <span class='ocrx_word' id='word_1_4' title='bbox 422 1405 496 1466; x_wconf 86' lang='lat' dir='ltr'>opus</span> <span class='ocrx_word' id='word_1_5' title='bbox 515 1381 604 1444; x_wconf 81' lang='lat' dir='ltr'>eliet:</span> <span class='ocrx_word' id='word_1_6' title='bbox 625 1402 673 1444; x_wconf 87' lang='lat' dir='ltr'>me</span> <span class='ocrx_word' id='word_1_7' title='bbox 691 1385 737 1442; x_wconf 88' lang='lat' dir='ltr'>cui</span> <span class='ocrx_word' id='word_1_8' title='bbox 759 1377 1007 1459; x_wconf 60' lang='lat' dir='ltr'>jussissemus</span> 
     </span>
     <span class='ocr_line' id='line_1_3' title="bbox 317 1460 1007 1545; baseline -0.01 -14"><span class='ocrx_word' id='word_1_9' title='bbox 317 1485 424 1531; x_wconf 89' lang='lat' dir='ltr'>turum.</span> <span class='ocrx_word' id='word_1_10' title='bbox 453 1463 567 1545; x_wconf 80' lang='lat' dir='ltr'>Equum</span> <span class='ocrx_word' id='word_1_11' title='bbox 595 1463 628 1523; x_wconf 91' lang='lat'>&amp;</span> <span class='ocrx_word' id='word_1_12' title='bbox 651 1464 763 1524; x_wconf 87' lang='lat' dir='ltr'>mulum</span> <span class='ocrx_word' id='word_1_13' title='bbox 783 1460 930 1523; x_wconf 81' lang='lat' dir='ltr'>Brundisii</span> <span class='ocrx_word' id='word_1_14' title='bbox 951 1463 1007 1524; x_wconf 83' lang='lat' dir='ltr'>tihi</span> 
     </span>
     <span class='ocr_line' id='line_1_4' title="bbox 317 1542 1008 1628; baseline -0.009 -17"><span class='ocrx_word' id='word_1_15' title='bbox 317 1548 433 1628; x_wconf 81' lang='lat' dir='ltr'>reliqui.</span> <span class='ocrx_word' id='word_1_16' title='bbox 461 1545 567 1606; x_wconf 82' lang='lat' dir='ltr'>Romae</span> <span class='ocrx_word' id='word_1_17' title='bbox 593 1563 700 1604; x_wconf 87' lang='lat' dir='ltr'>vereor</span> <span class='ocrx_word' id='word_1_18' title='bbox 725 1564 763 1605; x_wconf 91' lang='lat' dir='ltr'>ne</span> <span class='ocrx_word' id='word_1_19' title='bbox 788 1563 824 1604; x_wconf 84' lang='lat' dir='ltr'>ex</span> <span class='ocrx_word' id='word_1_20' title='bbox 848 1542 916 1602; x_wconf 87' lang='lat' dir='ltr'>Kal.</span> <span class='ocrx_word' id='word_1_21' title='bbox 941 1542 1008 1605; x_wconf 83' lang='lat' dir='ltr'>Jan.</span> 
     </span>
     <span class='ocr_line' id='line_1_5' title="bbox 316 1623 1006 1710; baseline -0.004 -23"><span class='ocrx_word' id='word_1_22' title='bbox 316 1630 416 1710; x_wconf 82' lang='lat' dir='ltr'>magni</span> <span class='ocrx_word' id='word_1_23' title='bbox 437 1627 575 1686; x_wconf 86' lang='lat' dir='ltr'>tumultus</span> <span class='ocrx_word' id='word_1_24' title='bbox 595 1626 661 1685; x_wconf 72' lang='lat' dir='ltr'>sinn</span> <span class='ocrx_word' id='word_1_25' title='bbox 681 1623 746 1685; x_wconf 86' lang='lat' dir='ltr'>Nos</span> <span class='ocrx_word' id='word_1_26' title='bbox 764 1643 884 1705; x_wconf 78' lang='lat' dir='ltr'>agemus</span> <span class='ocrx_word' id='word_1_27' title='bbox 905 1626 1006 1684; x_wconf 81' lang='lat' dir='ltr'>omnia</span> 
     </span>
     <span class='ocr_line' id='line_1_6' title="bbox 317 1701 1042 1785; baseline -0.011 -14"><span class='ocrx_word' id='word_1_28' title='bbox 317 1707 445 1771; x_wconf 76' lang='lat' dir='ltr'>modice.</span> <span class='ocrx_word' id='word_1_29' title='bbox 466 1705 621 1784; x_wconf 85' lang='lat' dir='ltr'>Reliquum</span> <span class='ocrx_word' id='word_1_30' title='bbox 637 1701 700 1779; x_wconf 88' lang='lat' dir='ltr'>est,</span> <span class='ocrx_word' id='word_1_31' title='bbox 717 1724 748 1765; x_wconf 91' lang='lat' dir='ltr'>ut</span> <span class='ocrx_word' id='word_1_32' title='bbox 766 1722 794 1766; x_wconf 90' lang='lat' dir='ltr'>te</span> <span class='ocrx_word' id='word_1_33' title='bbox 809 1705 866 1764; x_wconf 87' lang='lat' dir='ltr'>hoc</span> <span class='ocrx_word' id='word_1_34' title='bbox 883 1723 1007 1785; x_wconf 85' lang='lat' dir='ltr'><strong>rogem,</strong></span> <span class='ocrx_word' id='word_1_35' title='bbox 1030 1758 1042 1777; x_wconf 83' lang='lat'><em>‚</em></span> 
     </span>
     <span class='ocr_line' id='line_1_7' title="bbox 318 1781 1006 1867; baseline -0.007 -17"><span class='ocrx_word' id='word_1_36' title='bbox 318 1788 354 1850; x_wconf 72' lang='grc' dir='ltr'>δι</span> <span class='ocrx_word' id='word_1_37' title='bbox 376 1809 394 1847; x_wconf 84' lang='lat' dir='ltr'>a</span> <span class='ocrx_word' id='word_1_38' title='bbox 415 1806 444 1847; x_wconf 85' lang='lat' dir='ltr'>te</span> <span class='ocrx_word' id='word_1_39' title='bbox 465 1803 586 1867; x_wconf 83' lang='lat' dir='ltr'>petam,</span> <span class='ocrx_word' id='word_1_40' title='bbox 607 1804 645 1846; x_wconf 91' lang='lat' dir='ltr'>ne</span> <span class='ocrx_word' id='word_1_41' title='bbox 666 1786 777 1845; x_wconf 72' lang='lat' dir='ltr'>temeri</span> <span class='ocrx_word' id='word_1_42' title='bbox 796 1785 926 1865; x_wconf 83' lang='lat' dir='ltr'>naviges.</span> <span class='ocrx_word' id='word_1_43' title='bbox 946 1781 1006 1845; x_wconf 86' lang='lat' dir='ltr'>So·</span> 
     </span>
     <span class='ocr_line' id='line_1_8' title="bbox 318 1862 1009 1945; baseline -0.004 -16"><span class='ocrx_word' id='word_1_44' title='bbox 318 1869 384 1935; x_wconf 87' lang='lat' dir='ltr'>lent</span> <span class='ocrx_word' id='word_1_45' title='bbox 412 1884 506 1927; x_wconf 80' lang='lat' dir='ltr'>nautae</span> <span class='ocrx_word' id='word_1_46' title='bbox 534 1863 665 1926; x_wconf 84' lang='lat' dir='ltr'>festinare</span> <span class='ocrx_word' id='word_1_47' title='bbox 691 1862 813 1945; x_wconf 77' lang='lat' dir='ltr'>quaeilirs</span> <span class='ocrx_word' id='word_1_48' title='bbox 838 1863 880 1925; x_wconf 88' lang='lat' dir='ltr'>sui</span> <span class='ocrx_word' id='word_1_49' title='bbox 910 1864 1009 1926; x_wconf 70' lang='lat' dir='ltr'>causi.</span> 
     </span>
     <span class='ocr_line' id='line_1_9' title="bbox 320 1943 1008 2027; baseline -0.007 -17"><span class='ocrx_word' id='word_1_50' title='bbox 320 1946 434 2017; x_wconf 82' lang='lat' dir='ltr'>Cautus</span> <span class='ocrx_word' id='word_1_51' title='bbox 456 1949 512 2010; x_wconf 81' lang='lat' dir='ltr'>sis.</span> <span class='ocrx_word' id='word_1_52' title='bbox 538 1947 577 2004; x_wconf 90' lang='lat' dir='ltr'>mi</span> <span class='ocrx_word' id='word_1_53' title='bbox 601 1943 685 2005; x_wconf 88' lang='lat' dir='ltr'>Tiro.</span> <span class='ocrx_word' id='word_1_54' title='bbox 709 1945 792 2006; x_wconf 86' lang='lat' dir='ltr'>Mare</span> <span class='ocrx_word' id='word_1_55' title='bbox 811 1965 950 2027; x_wconf 81' lang='lat' dir='ltr'>magnum</span> <span class='ocrx_word' id='word_1_56' title='bbox 974 1943 1008 2005; x_wconf 75' lang='grc' dir='ltr'>δι</span> 
     </span>
     <span class='ocr_line' id='line_1_10' title="bbox 323 2021 1028 2105; baseline -0.007 -15"><span class='ocrx_word' id='word_1_57' title='bbox 323 2027 443 2090; x_wconf 88' lang='lat' dir='ltr'>difficile</span> <span class='ocrx_word' id='word_1_58' title='bbox 466 2026 518 2087; x_wconf 88' lang='lat' dir='ltr'>tibi</span> <span class='ocrx_word' id='word_1_59' title='bbox 539 2023 632 2085; x_wconf 83' lang='lat' dir='ltr'>restat.</span> <span class='ocrx_word' id='word_1_60' title='bbox 653 2023 683 2086; x_wconf 85' lang='lat' dir='ltr'>Si</span> <span class='ocrx_word' id='word_1_61' title='bbox 707 2028 837 2105; x_wconf 88' lang='lat' dir='ltr'>poteris,</span> <span class='ocrx_word' id='word_1_62' title='bbox 852 2045 919 2085; x_wconf 85' lang='lat' dir='ltr'>curn</span> <span class='ocrx_word' id='word_1_63' title='bbox 930 2021 1028 2087; x_wconf 64' lang='lat' dir='ltr'>Mei·</span> 
     </span>
     <span class='ocr_line' id='line_1_11' title="bbox 322 2104 1009 2188; baseline -0.007 -19"><span class='ocrx_word' id='word_1_64' title='bbox 322 2111 424 2180; x_wconf 79' lang='lat' dir='ltr'>cinio;</span> <span class='ocrx_word' id='word_1_65' title='bbox 444 2106 526 2166; x_wconf 78' lang='lat' dir='ltr'>caute</span> <span class='ocrx_word' id='word_1_66' title='bbox 545 2107 569 2164; x_wconf 88' lang='lat' dir='ltr'>is</span> <span class='ocrx_word' id='word_1_67' title='bbox 589 2104 662 2166; x_wconf 90' lang='lat' dir='ltr'>solet</span> <span class='ocrx_word' id='word_1_68' title='bbox 680 2108 837 2188; x_wconf 84' lang='lat' dir='ltr'>navigare:</span> <span class='ocrx_word' id='word_1_69' title='bbox 857 2106 1009 2182; x_wconf 78' lang='lat' dir='ltr'>sintiulls,</span> 
     </span>
     <span class='ocr_line' id='line_1_12' title="bbox 321 2183 1008 2265; baseline -0.003 -18"><span class='ocrx_word' id='word_1_70' title='bbox 321 2208 391 2247; x_wconf 77' lang='lat' dir='ltr'>turn</span> <span class='ocrx_word' id='word_1_71' title='bbox 408 2183 528 2246; x_wconf 88' lang='lat' dir='ltr'>honesto</span> <span class='ocrx_word' id='word_1_72' title='bbox 543 2185 639 2265; x_wconf 90' lang='lat' dir='ltr'>aliquo</span> <span class='ocrx_word' id='word_1_73' title='bbox 656 2185 798 2260; x_wconf 88' lang='lat' dir='ltr'>homine,</span> <span class='ocrx_word' id='word_1_74' title='bbox 816 2183 896 2264; x_wconf 76' lang='lat' dir='ltr'>enjus</span> <span class='ocrx_word' id='word_1_75' title='bbox 910 2183 1008 2245; x_wconf 69' lang='lat' dir='ltr'>auito-</span> 
     </span>
     <span class='ocr_line' id='line_1_13' title="bbox 322 2263 1010 2331; baseline -0.01 0"><span class='ocrx_word' id='word_1_76' title='bbox 322 2270 406 2331; x_wconf 79' lang='lat' dir='ltr'>ritate</span> <span class='ocrx_word' id='word_1_77' title='bbox 431 2264 620 2325; x_wconf 82' lang='lat' dir='ltr'>navicularius</span> <span class='ocrx_word' id='word_1_78' title='bbox 638 2284 803 2327; x_wconf 83' lang='lat' dir='ltr'>moveatur.</span> <span class='ocrx_word' id='word_1_79' title='bbox 820 2263 855 2326; x_wconf 94' lang='lat' dir='ltr'>ln</span> <span class='ocrx_word' id='word_1_80' title='bbox 868 2265 926 2327; x_wconf 76' lang='lat' dir='ltr'>hue</span> <span class='ocrx_word' id='word_1_81' title='bbox 940 2285 1010 2326; x_wconf 86' lang='lat' dir='ltr'>otu·</span> 
     </span>
     <span class='ocr_line' id='line_1_14' title="bbox 323 2345 1012 2484; baseline 0 -77"><span class='ocrx_word' id='word_1_82' title='bbox 323 2367 394 2417; x_wconf 77' lang='lat' dir='ltr'>nem</span> <span class='ocrx_word' id='word_1_83' title='bbox 416 2345 593 2484; x_wconf 43' lang='lat' dir='ltr'>diliffentiam</span> <span class='ocrx_word' id='word_1_84' title='bbox 609 2349 632 2407; x_wconf 78' lang='lat' dir='ltr'>si</span> <span class='ocrx_word' id='word_1_85' title='bbox 646 2347 833 2420; x_wconf 84' lang='lat' dir='ltr'>adhibueris,</span> <span class='ocrx_word' id='word_1_86' title='bbox 852 2363 940 2426; x_wconf 90' lang='lat' dir='ltr'>teque</span> <span class='ocrx_word' id='word_1_87' title='bbox 956 2366 1012 2407; x_wconf 89' lang='lat' dir='ltr'>no·</span> 
     </span>
     <span class='ocr_line' id='line_1_15' title="bbox 323 2425 1012 2506; baseline 0.001 -19"><span class='ocrx_word' id='word_1_88' title='bbox 323 2426 369 2487; x_wconf 89' lang='lat' dir='ltr'>bis</span> <span class='ocrx_word' id='word_1_89' title='bbox 399 2428 576 2486; x_wconf 83' lang='lat' dir='ltr'>incoumenr</span> <span class='ocrx_word' id='word_1_90' title='bbox 601 2425 761 2506; x_wconf 75' lang='lat' dir='ltr'>praestiteris</span> <span class='ocrx_word' id='word_1_91' title='bbox 784 2472 794 2502; x_wconf 95' lang='lat'>,</span> <span class='ocrx_word' id='word_1_92' title='bbox 824 2429 925 2486; x_wconf 88' lang='lat' dir='ltr'>omnia</span> <span class='ocrx_word' id='word_1_93' title='bbox 945 2442 1012 2488; x_wconf 86' lang='lat' dir='ltr'>ate</span> 
     </span>
     <span class='ocr_line' id='line_1_16' title="bbox 325 2504 1012 2586; baseline -0.001 -18"><span class='ocrx_word' id='word_1_94' title='bbox 325 2506 452 2568; x_wconf 82' lang='lat' dir='ltr'>habebo.</span> <span class='ocrx_word' id='word_1_95' title='bbox 467 2504 561 2566; x_wconf 84' lang='lat' dir='ltr'>Etiam</span> <span class='ocrx_word' id='word_1_96' title='bbox 579 2525 664 2586; x_wconf 86' lang='lat' dir='ltr'>atque</span> <span class='ocrx_word' id='word_1_97' title='bbox 682 2511 770 2568; x_wconf 88' lang='lat' dir='ltr'>etiam</span> <span class='ocrx_word' id='word_1_98' title='bbox 784 2552 794 2582; x_wconf 91' lang='lat'><strong>‚</strong></span> <span class='ocrx_word' id='word_1_99' title='bbox 807 2505 905 2567; x_wconf 86' lang='lat' dir='ltr'>noster</span> <span class='ocrx_word' id='word_1_100' title='bbox 919 2505 1012 2580; x_wconf 89' lang='lat' dir='ltr'>Tiro,</span> 
     </span>
     <span class='ocr_line' id='line_1_17' title="bbox 325 2583 1014 2668; baseline -0.001 -20"><span class='ocrx_word' id='word_1_101' title='bbox 325 2589 402 2648; x_wconf 83' lang='lat' dir='ltr'>vale.</span> <span class='ocrx_word' id='word_1_102' title='bbox 417 2587 556 2660; x_wconf 89' lang='lat' dir='ltr'>Medico,</span> <span class='ocrx_word' id='word_1_103' title='bbox 569 2583 680 2662; x_wconf 90' lang='lat' dir='ltr'>Curio,</span> <span class='ocrx_word' id='word_1_104' title='bbox 696 2587 721 2648; x_wconf 89' lang='lat' dir='ltr'>L</span> <span class='ocrx_word' id='word_1_105' title='bbox 745 2587 806 2648; x_wconf 87' lang='lat' dir='ltr'>soni</span> <span class='ocrx_word' id='word_1_106' title='bbox 818 2587 856 2648; x_wconf 89' lang='lat' dir='ltr'>de</span> <span class='ocrx_word' id='word_1_107' title='bbox 868 2604 900 2648; x_wconf 88' lang='lat' dir='ltr'>te</span> <span class='ocrx_word' id='word_1_108' title='bbox 912 2586 1014 2668; x_wconf 82' lang='lat' dir='ltr'>scripsi</span> 
     </span>
     <span class='ocr_line' id='line_1_18' title="bbox 327 2610 798 2751; baseline -0.004 -21"><span class='ocrx_word' id='word_1_109' title='bbox 327 2668 558 2751; x_wconf 76' lang='lat' dir='ltr'>diligentissime.</span> <span class='ocrx_word' id='word_1_110' title='bbox 581 2666 687 2742; x_wconf 88' lang='lat' dir='ltr'>Vale,</span> <span class='ocrx_word' id='word_1_111' title='bbox 711 2610 798 2729; x_wconf 57' lang='lat' dir='ltr'>lilve.</span> 
     </span>
    </p>
   </div>
   <div class='ocr_carea' id='block_1_3' title="bbox 408 2795 930 2860">
    <p class='ocr_par' dir='ltr' id='par_1_3' title="bbox 408 2795 930 2860">
     <span class='ocr_line' id='line_1_19' title="bbox 408 2795 930 2860; baseline 0.002 -3"><span class='ocrx_word' id='word_1_112' title='bbox 408 2796 455 2857; x_wconf 89' lang='lat' dir='ltr'>M.</span> <span class='ocrx_word' id='word_1_113' title='bbox 474 2795 512 2857; x_wconf 93' lang='lat' dir='ltr'>T.</span> <span class='ocrx_word' id='word_1_114' title='bbox 532 2795 571 2858; x_wconf 89' lang='lat' dir='ltr'>C.</span> <span class='ocrx_word' id='word_1_115' title='bbox 597 2796 756 2859; x_wconf 79' lang='lat' dir='ltr'>Tutour</span> <span class='ocrx_word' id='word_1_116' title='bbox 783 2797 814 2860; x_wconf 87' lang='lat' dir='ltr'>S.</span> <span class='ocrx_word' id='word_1_117' title='bbox 834 2795 868 2859; x_wconf 88' lang='lat' dir='ltr'>P.</span> <span class='ocrx_word' id='word_1_118' title='bbox 889 2796 930 2859; x_wconf 90' lang='lat' dir='ltr'>D.</span> 
     </span>
    </p>
   </div>
   <div class='ocr_carea' id='block_1_4' title="bbox 329 2926 1014 2998">
    <p class='ocr_par' dir='ltr' id='par_1_4' title="bbox 329 2926 1014 2998">
     <span class='ocr_line' id='line_1_20' title="bbox 329 2926 1014 2998; baseline -0.001 -16"><span class='ocrx_word' id='word_1_119' title='bbox 329 2931 472 2982; x_wconf 74' lang='lat' dir='ltr'>Ttnorinu</span> <span class='ocrx_word' id='word_1_120' title='bbox 490 2931 522 2977; x_wconf 82' lang='lat' dir='ltr'>ad</span> <span class='ocrx_word' id='word_1_121' title='bbox 537 2926 565 2995; x_wconf 81' lang='lat' dir='ltr'>se</span> <span class='ocrx_word' id='word_1_122' title='bbox 582 2930 662 2980; x_wconf 77' lang='lat' dir='ltr'>venire</span> <span class='ocrx_word' id='word_1_123' title='bbox 679 2931 765 2998; x_wconf 77' lang='lat' dir='ltr'>cupit,</span> <span class='ocrx_word' id='word_1_124' title='bbox 782 2928 827 2996; x_wconf 79' lang='lat' dir='ltr'>sed</span> <span class='ocrx_word' id='word_1_125' title='bbox 843 2932 907 2981; x_wconf 76' lang='lat' dir='ltr'>riam</span> <span class='ocrx_word' id='word_1_126' title='bbox 926 2931 1014 2988; x_wconf 81' lang='lat' dir='ltr'>timet,</span> 
     </span>
    </p>
   </div>
   <div class='ocr_carea' id='block_1_5' title="bbox 332 3001 1015 3181">
    <p class='ocr_par' dir='ltr' id='par_1_5' title="bbox 332 3001 1015 3181">
     <span class='ocr_line' id='line_1_21' title="bbox 332 3001 1015 3071; baseline 0.003 -19"><span class='ocrx_word' id='word_1_127' title='bbox 332 3029 334 3033; x_wconf 95' lang='lat'>·</span> <span class='ocrx_word' id='word_1_128' title='bbox 363 3019 393 3053; x_wconf 82' lang='lat' dir='ltr'>ne</span> <span class='ocrx_word' id='word_1_129' title='bbox 418 3001 549 3050; x_wconf 79' lang='lat' dir='ltr'>valetudini</span> <span class='ocrx_word' id='word_1_130' title='bbox 572 3018 667 3053; x_wconf 82' lang='lat' dir='ltr'>noceat.</span> <span class='ocrx_word' id='word_1_131' title='bbox 692 3005 752 3068; x_wconf 79' lang='lat' dir='ltr'>Ejus</span> <span class='ocrx_word' id='word_1_132' title='bbox 777 3021 871 3071; x_wconf 81' lang='lat' dir='ltr'>operam</span> <span class='ocrx_word' id='word_1_133' title='bbox 890 3006 916 3055; x_wconf 75' lang='lat' dir='ltr'>iit</span> <span class='ocrx_word' id='word_1_134' title='bbox 927 3005 1015 3068; x_wconf 79' lang='lat' dir='ltr'>studiis</span> 
     </span>
     <span class='ocr_line' id='line_1_22' title="bbox 332 3074 867 3142; baseline 0.004 -16"><span class='ocrx_word' id='word_1_135' title='bbox 332 3122 335 3126; x_wconf 93' lang='lat'>.</span> <span class='ocrx_word' id='word_1_136' title='bbox 365 3075 448 3124; x_wconf 76' lang='lat' dir='ltr'>laudat</span> <span class='ocrx_word' id='word_1_137' title='bbox 467 3074 490 3123; x_wconf 64' lang='lat' dir='ltr'>d*</span> <span class='ocrx_word' id='word_1_138' title='bbox 510 3074 592 3142; x_wconf 73' lang='lat' dir='ltr'>exigit.</span> <span class='ocrx_word' id='word_1_139' title='bbox 612 3075 686 3127; x_wconf 81' lang='lat' dir='ltr'>Anno</span> <span class='ocrx_word' id='word_1_140' title='bbox 706 3077 740 3128; x_wconf 86' lang='lat' dir='ltr'>U.</span> <span class='ocrx_word' id='word_1_141' title='bbox 761 3079 787 3128; x_wconf 86' lang='lat' dir='ltr'>C.</span> <span class='ocrx_word' id='word_1_142' title='bbox 807 3078 867 3141; x_wconf 80' lang='lat'>708.</span> 
     </span>
     <span class='ocr_line' id='line_1_23' title="bbox 426 3153 441 3181; baseline 0 0"><span class='ocrx_word' id='word_1_143' title='bbox 426 3153 441 3181; x_wconf 68' lang='grc' dir='ltr'>Ἰ</span> 
     </span>
    </p>
   </div>
   <div class='ocr_carea' id='block_1_6' title="bbox 234 3155 1022 3860">
    <p class='ocr_par' dir='ltr' id='par_1_6' title="bbox 234 3155 1022 3860">
     <span class='ocr_line' id='line_1_24' title="bbox 234 3155 1016 3306; baseline 0.005 -21"><span class='ocrx_word' id='word_1_144' title='bbox 234 3270 236 3275; x_wconf 87' lang='grc'>-</span> <span class='ocrx_word' id='word_1_145' title='bbox 333 3155 510 3286; x_wconf 54' lang='lat' dir='ltr'>wlfado</span> <span class='ocrx_word' id='word_1_146' title='bbox 531 3225 605 3285; x_wconf 79' lang='lat' dir='ltr'>verb</span> <span class='ocrx_word' id='word_1_147' title='bbox 621 3229 708 3306; x_wconf 90' lang='lat' dir='ltr'>cupio</span> <span class='ocrx_word' id='word_1_148' title='bbox 726 3241 755 3287; x_wconf 87' lang='lat' dir='ltr'>te</span> <span class='ocrx_word' id='word_1_149' title='bbox 776 3227 813 3286; x_wconf 88' lang='lat' dir='ltr'>ad</span> <span class='ocrx_word' id='word_1_150' title='bbox 828 3247 876 3288; x_wconf 89' lang='lat' dir='ltr'>me</span> <span class='ocrx_word' id='word_1_151' title='bbox 893 3229 1016 3302; x_wconf 85' lang='lat' dir='ltr'>venire,</span> 
     </span>
     <span class='ocr_line' id='line_1_25' title="bbox 330 3305 1016 3390; baseline 0.001 -22"><span class='ocrx_word' id='word_1_152' title='bbox 330 3305 382 3368; x_wconf 83' lang='lat' dir='ltr'>sed</span> <span class='ocrx_word' id='word_1_153' title='bbox 406 3307 485 3364; x_wconf 86' lang='lat' dir='ltr'>viam</span> <span class='ocrx_word' id='word_1_154' title='bbox 511 3307 629 3366; x_wconf 87' lang='lat' dir='ltr'>timeo:</span> <span class='ocrx_word' id='word_1_155' title='bbox 654 3308 820 3388; x_wconf 73' lang='lat' dir='ltr'>gravissime</span> <span class='ocrx_word' id='word_1_156' title='bbox 845 3306 1016 3390; x_wconf 73' lang='lat' dir='ltr'>aegrotasti3</span> 
     </span>
     <span class='ocr_line' id='line_1_26' title="bbox 331 3381 1018 3470; baseline 0.001 -22"><span class='ocrx_word' id='word_1_157' title='bbox 331 3385 453 3458; x_wconf 66' lang='lat' dir='ltr'>inedia,</span> <span class='ocrx_word' id='word_1_158' title='bbox 479 3384 511 3446; x_wconf 90' lang='lat'>&amp;</span> <span class='ocrx_word' id='word_1_159' title='bbox 536 3381 782 3467; x_wconf 56' lang='lat' dir='ltr'>purgationibus,</span> <span class='ocrx_word' id='word_1_160' title='bbox 812 3387 844 3447; x_wconf 90' lang='lat'>&amp;</span> <span class='ocrx_word' id='word_1_161' title='bbox 870 3392 903 3449; x_wconf 91' lang='lat' dir='ltr'>vi</span> <span class='ocrx_word' id='word_1_162' title='bbox 928 3392 1018 3470; x_wconf 83' lang='lat' dir='ltr'>ipsius</span> 
     </span>
     <span class='ocr_line' id='line_1_27' title="bbox 332 3463 1020 3546; baseline 0.003 -18"><span class='ocrx_word' id='word_1_163' title='bbox 332 3466 428 3528; x_wconf 85' lang='lat' dir='ltr'>morbi</span> <span class='ocrx_word' id='word_1_164' title='bbox 440 3463 624 3546; x_wconf 84' lang='lat' dir='ltr'>consumptus</span> <span class='ocrx_word' id='word_1_165' title='bbox 639 3487 680 3527; x_wconf 90' lang='lat' dir='ltr'>es.</span> <span class='ocrx_word' id='word_1_166' title='bbox 693 3465 808 3528; x_wconf 87' lang='lat' dir='ltr'>Graves</span> <span class='ocrx_word' id='word_1_167' title='bbox 820 3467 913 3529; x_wconf 89' lang='lat' dir='ltr'>solent</span> <span class='ocrx_word' id='word_1_168' title='bbox 924 3467 1020 3530; x_wconf 87' lang='lat' dir='ltr'>offen·</span> 
     </span>
     <span class='ocr_line' id='line_1_28' title="bbox 332 3543 1019 3631; baseline 0.007 -25"><span class='ocrx_word' id='word_1_169' title='bbox 332 3549 428 3607; x_wconf 88' lang='lat' dir='ltr'>siones</span> <span class='ocrx_word' id='word_1_170' title='bbox 451 3543 508 3606; x_wconf 88' lang='lat' dir='ltr'>elle</span> <span class='ocrx_word' id='word_1_171' title='bbox 528 3566 563 3606; x_wconf 85' lang='lat' dir='ltr'>ex</span> <span class='ocrx_word' id='word_1_172' title='bbox 588 3548 721 3629; x_wconf 83' lang='lat' dir='ltr'>gravibus</span> <span class='ocrx_word' id='word_1_173' title='bbox 740 3549 876 3622; x_wconf 85' lang='lat' dir='ltr'>morbis,</span> <span class='ocrx_word' id='word_1_174' title='bbox 905 3553 930 3609; x_wconf 85' lang='lat' dir='ltr'>si</span> <span class='ocrx_word' id='word_1_175' title='bbox 953 3571 1019 3631; x_wconf 78' lang='lat' dir='ltr'>quae</span> 
     </span>
     <span class='ocr_line' id='line_1_29' title="bbox 256 3624 1021 3707; baseline 0.01 -25"><span class='ocrx_word' id='word_1_176' title='bbox 256 3639 264 3654; x_wconf 79' lang='lat'><strong><em>‘</em></strong></span> <span class='ocrx_word' id='word_1_177' title='bbox 331 3628 418 3705; x_wconf 84' lang='lat' dir='ltr'>culpa</span> <span class='ocrx_word' id='word_1_178' title='bbox 438 3624 585 3687; x_wconf 83' lang='lat' dir='ltr'>commilla</span> <span class='ocrx_word' id='word_1_179' title='bbox 606 3625 657 3687; x_wconf 86' lang='lat' dir='ltr'>est.</span> <span class='ocrx_word' id='word_1_180' title='bbox 683 3629 748 3690; x_wconf 83' lang='lat' dir='ltr'>Jam</span> <span class='ocrx_word' id='word_1_181' title='bbox 767 3629 803 3687; x_wconf 88' lang='lat' dir='ltr'>ad</span> <span class='ocrx_word' id='word_1_182' title='bbox 819 3629 848 3688; x_wconf 95' lang='lat' dir='ltr'>id</span> <span class='ocrx_word' id='word_1_183' title='bbox 863 3629 1021 3707; x_wconf 85' lang='lat' dir='ltr'>-biduuru,</span> 
     </span>
     <span class='ocr_line' id='line_1_30' title="bbox 332 3706 1022 3784; baseline 0.01 -19"><span class='ocrx_word' id='word_1_184' title='bbox 332 3706 414 3784; x_wconf 92' lang='lat' dir='ltr'>quod</span> <span class='ocrx_word' id='word_1_185' title='bbox 436 3707 522 3766; x_wconf 78' lang='lat' dir='ltr'>fueris</span> <span class='ocrx_word' id='word_1_186' title='bbox 546 3711 575 3766; x_wconf 89' lang='lat' dir='ltr'>in</span> <span class='ocrx_word' id='word_1_187' title='bbox 602 3711 677 3783; x_wconf 89' lang='lat' dir='ltr'>via,</span> <span class='ocrx_word' id='word_1_188' title='bbox 705 3710 774 3769; x_wconf 88' lang='lat' dir='ltr'>dum</span> <span class='ocrx_word' id='word_1_189' title='bbox 798 3712 828 3768; x_wconf 89' lang='lat' dir='ltr'>in</span> <span class='ocrx_word' id='word_1_190' title='bbox 850 3708 1022 3772; x_wconf 84' lang='lat' dir='ltr'>Cumanum</span> 
     </span>
     <span class='ocr_line' id='line_1_31' title="bbox 330 3787 1021 3860; baseline 0.014 -15"><span class='ocrx_word' id='word_1_191' title='bbox 330 3788 436 3860; x_wconf 72' lang='lat' dir='ltr'>venit,</span> <span class='ocrx_word' id='word_1_192' title='bbox 454 3787 594 3851; x_wconf 88' lang='lat' dir='ltr'>accedent</span> <span class='ocrx_word' id='word_1_193' title='bbox 611 3790 750 3852; x_wconf 73' lang='lat' dir='ltr'>continui&gt;</span> <span class='ocrx_word' id='word_1_194' title='bbox 767 3789 805 3853; x_wconf 88' lang='lat' dir='ltr'>ad</span> <span class='ocrx_word' id='word_1_195' title='bbox 817 3791 944 3854; x_wconf 86' lang='lat' dir='ltr'>reditum</span> <span class='ocrx_word' id='word_1_196' title='bbox 958 3793 1021 3855; x_wconf 75' lang='lat' dir='ltr'>dies</span> 
     </span>
    </p>
   </div>
   <div class='ocr_carea' id='block_1_7' title="bbox 0 0 1248 5492">
    <p class='ocr_par' dir='ltr' id='par_1_7' title="bbox 0 0 1248 5492">
     <span class='ocr_line' id='line_1_32' title="bbox 0 0 1248 5492; baseline 0 0"><span class='ocrx_word' id='word_1_197' title='bbox 0 0 1248 5492; x_wconf 95' lang='lat' dir='ltr'> </span> 
     </span>
    </p>
   </div>
  </div>
 </body>
</html>
