2409 5492
294 1239 423 1332 λαυρ.
438 1241 634 1310 Furrnrrr
652 1240 740 1312 ιιι.
757 1241 787 1310 Ι.
821 1251 899 1340 323*

216 1372 268 1438 pus
300 1353 344 1416 est
373 1352 490 1416 offellus
533 1373 631 1436 ropter
657 1357 732 1420 servi
758 1355 847 1418 scelus
869 1359 903 1420 &

215 1436 386 1509 audaciam,
404 1453 436 1495 ut
456 1437 485 1495 ni
507 1438 513 1450 '
545 1440 573 1496 ei
590 1440 695 1520 gratius
717 1437 814 1499 facere
831 1460 905 1519 por·¹

215 1519 275 1591 tis,
299 1516 389 1598 quim
409 1519 432 1576 si
450 1516 531 1576 illum
546 1538 599 1596 per
618 1536 647 1579 te
665 1521 851 1600 recuperarit.

256 1596 300 1656 V.
323 1595 411 1656 Nunc
435 1616 470 1657 ea
488 1597 632 1678 cognosce
654 1643 664 1672 ‚
689 1621 753 1680 quae
775 1600 903 1663 maxime

214 1695 346 1759 exoptas
359 1677 591 1758 Rempublicarn·
599 1677 725 1740 funditus
739 1683 901 1743 amisimus:

215 1758 289 1820 adeo
312 1773 346 1817 ut
368 1755 468 1831 Caro,
490 1757 658 1820 adolescens
679 1760 782 1821 nullius
804 1763 902 1839 consi·

214 1839 266 1914 lii,
291 1837 343 1899 sed
359 1856 457 1898 tamen
477 1841 548 1898 civis
570 1839 721 1901 Romanus
743 1842 775 1901 δι
797 1839 903 1916 Cato,'

202 1921 263 1992 *vix
282 1921 372 1980 vivus
392 1916 553 2000 effugeret;
572 1920 677 2000 quod,
700 1941 790 2001 quum
810 1919 906 1981 Gabi·

216 2001 295 2059 nium
316 1998 353 2079 cle
378 2001 487 2059 ambitu
505 2000 595 2061 vellet
619 1999 783 2081 postulare,
806 2020 903 2081 neque

216 2095 354 2161 pretores
370 2079 471 2140 diebus
486 2081 596 2160 aliquot
612 2081 684 2142 adiri
702 2079 831 2163 pollent,
851 2082 903 2145 vel

216 2157 390 2240 potestatem
414 2159 454 2220 fui
482 2159 640 2235 facerent,
669 2165 699 2221 in
726 2165 902 2224 concionem

216 2239 387 2314 adscendit,
415 2241 447 2300 &
466 2239 639 2321 Pompeium
658 2245 786 2322 privatus
805 2241 901 2303 dicia·
930 2250 933 2255 ’

216 2338 311 2382 torem
324 2320 492 2402 appellavit.
506 2320 627 2402 Propius
637 2323 707 2382 nihil
722 2322 763 2384 est
777 2321 902 2399 saelum,

216 2400 304 2541 ἶλαι
333 2419 367 2461 ut
393 2400 584 2462 occideretur.
610 2401 654 2462 Ex
680 2403 767 2478 hoc,
794 2405 845 2485 qui
865 2405 903 2464 sit

254 2499 301 2542 tus
336 2483 426 2542 totius
455 2483 620 2561 reipublicae
636 2483 771 2557 ‚uidere
805 2499 904 2563 poter.

216 2560 328 2623 Nostrae
346 2580 445 2622 tamen
466 2561 554 2622 causae
572 2583 634 2624 non
651 2563 787 2623 videntur
804 2563 902 2621 lromi·

216 2663 268 2704 nes
293 2641 445 2703 defuturi:
468 2643 631 2703 mirandum
650 2644 680 2700 in
698 2642 820 2701 modurn
836 2662 905 2721 pro-

216 2722 357 2796 fitentur,
371 2721 496 2784 offerunt
513 2722 563 2797 se,
581 2722 756 2803 pollicentur
769 2722 822 2794 3&
839 2722 905 2803 qui·

217 2804 287 2864 dem
315 2824 406 2884 quum
428 2802 477 2883 spe
495 2802 555 2862 sum
577 2804 728 2877 maximi,
750 2819 814 2862 turn
836 2822 905 2862 rna-

217 2882 280 2963 jore
301 2885 390 2944 etiarn
413 2886 521 2943 animo.
542 2884 635 2965 Spero
658 2882 819 2964 superiores
839 2882 906 2946 fore

217 2985 292 3026 nos:
311 2962 429 3024 confido
451 2966 572 3038 animo,
593 2982 624 3025 ut
636 2967 666 3024 in
685 2965 738 3024 hac
757 2964 905 3047 republica

218 3066 256 3106 ne
283 3043 382 3105 casum
411 3046 532 3124 quidem
559 3045 650 3105 ullurn
679 3044 907 3127 pertimescam:

217 3125 267 3186 sed
286 3142 387 3184 tamen
407 3144 452 3184 res
475 3127 515 3183 sic
533 3123 677 3187 sehabet.
700 3125 730 3186 Si
751 3126 829 3186 diem
849 3145 907 3184 no·

218 3205 262 3265 bis
287 3203 413 3266 Clodius
438 3205 568 3280 dixerit,
593 3223 657 3267 rota
679 3203 761 3264 ltalia
782 3200 908 3264 concurss

218 3303 290 3360 ret,
312 3301 345 3344 ut
368 3285 556 3365 multiplicati
582 3285 672 3367 glorii
700 3284 879 3344 discedamus
897 3302 909 3361 ς

218 3369 263 3426 sin
283 3382 381 3426 autern
401 3368 433 3426 vi
448 3385 532 3446 agere
550 3366 721 3438 conabitur,
740 3363 825 3503 spero
842 3362 907 3427 fore

217 3445 316 3507 studiis
336 3466 399 3506 non
419 3444 512 3515 solitrn
532 3450 692 3506 anticorum
714 3490 724 3519 ‚
760 3444 798 3504 ed
817 3445 909 3504 etiam

218 3527 411 3599 alienorum,
436 3543 469 3588 ut
490 3527 522 3586 vi
540 3527 713 3587 resistamus.
739 3524 854 3585 Omnes
875 3523 910 3583 δι

219 3607 279 3681 se,
304 3609 338 3668 &
363 3605 429 3667 suos
455 3607 589 3681 liberos,
612 3608 743 3677 amicos,
764 3604 911 3678 clientes,

217 3688 368 3762 lnertos,
390 3686 487 3747 servos
504 3732 517 3759 ‚
542 3691 678 3768 pecunias
700 3684 822 3765 denique
845 3683 909 3746 suas

215 3769 406 3853 pollicentur.
423 3766 530 3830 Nostra
549 3771 665 3850 antiqua
688 3785 790 3907 mgna?
805 3764 909 3846 bonag.¹

756 3865 787 3928 Vl
