2409 5492
293 1244 373 1338 '436
467 1242 806 1309 ·E1³1srozu..

210 1379 214 1390 ¹
291 1377 355 1429 cet,
373 1375 423 1430 ui,
436 1357 488 1417 illo
498 1354 656 1433 prohibito,
675 1373 829 1435 rogaremus
839 1354 980 1429 aiterum}

292 1439 376 1519 quise
392 1441 422 1497 in
440 1434 499 1516 ejus
515 1437 603 1494 locum
622 1439 716 1513 reponi
733 1451 873 1511 pateretur
887 1438 980 1508 ?an,

291 1537 325 1579 ue
341 1516 401 1596 effes
414 1516 462 1596 sui
476 1514 550 1594 juris
577 1535 611 1573 ae
632 1516 762 1593 mancipii
784 1514 940 1594 republica
961 1518 980 1575 ἓ

291 1600 349 1659 nisi
363 1596 436 1677 fimi
456 1620 511 1657 non
540 1596 574 1654 de
594 1594 809 1672 seruiium-sed
828 1596 861 1653 de
880 1598 982 1662 cenredi-¹

291 1680 364 1739 tione
378 1678 516 1756 serviendi
534 1676 683 1752 recufiztum
704 1675 774 1755 esta
785 1676 875 1735 nobis.
889 1679 981 1757 Atqui

291 1781 346 1818 non
361 1758 450 1838 ftilum
470 1758 539 1817 bono
561 1758 670 1816 domino
693 1758 833 1835 potuimus
850 1760 980 1818 Antonio

292 1840 407 1898 tolerare
424 1841 536 1917 nostram
547 1832 711 1915 fortunam,
724 1834 777 1914 sed
793 1838 982 1897 etiamiene·

291 1919 365 1995 ficiis
384 1937 464 1997 aeque
481 1918 647 1986 honoribus,
670 1935 700 1976 ui
717 1917 885 1997 participes,
892 1916 955 1996 fiui
965 1961 978 1990 ,

292 2002 405 2078 quantis
417 1999 546 2059 vellemus
563 2018 572 2056 :
590 1998 659 2075 quid
669 1998 739 2056 enim
748 2015 825 2077 neges
836 1998 895 2068 iis,
907 2021 980 2078 quo·

293 2100 353 2138 rum
368 2080 531 2158 patientiam
554 2079 657 2136 videret
679 2078 829 2136 maximum
843 2076 902 2152 sun
925 2080 980 2137 eio-

290 2161 452 2218 minationis
465 2158 625 2237 prasidium
642 2154 691 2233 ff
712 2159 730 2215 ?
746 2159 804 2217 Sed
819 2157 890 2218 nihil
903 2161 978 2218 tanti

286 2235 370 2318 fiiis,
388 2260 441 2317 quo
459 2241 632 2296 venderemus
648 2238 733 2315 fidem
753 2238 909 2318 nostram&
935 2238 977 2296 li-

291 2318 429 2377 bertatem.
453 2318 511 2377 Hic
531 2317 587 2397 ipse
598 2329 689 2397 pue‘r,
709 2339 784 2396 quem
803 2316 920 2397 Caefizris
929 2341 982 2379 no·

293 2419 353 2458 men
375 2401 488 2459 incitare
506 2402 615 2458 videtur
631 2402 660 2458 in
689 2401 803 2477 cujatis
825 2397 982 2479 ineenseffo-

292 2499 360 2553 res,
380 2480 477 2559 quanti
496 2480 600 2557 uliimee
624 2476 672 2558 (si
693 2481 731 2538 sii
758 2484 915 2541 commercio
936 2482 983 2542 lo·

293 2558 366 2641 cus)
376 2558 447 2641 poffi
457 2603 468 2631 ,
479 2560 557 2620 nobis
568 2560 720 2618 auctoribus
730 2602 742 2629 ,
754 2576 860 2619 samum
871 2605 883 2631 ‚
893 2583 984 2640 qusn-

293 2658 350 2700 ium
371 2637 488 2721 proseili
513 2642 636 2721 poterit,
657 2641 799 2719 quoniam·
813 2642 929 2715 vivere,
952 2642 982 2702 ὁ

289 2723 424 2800 pecunias
443 2720 565 2794 habere,
589 2721 617 2778 δ’
641 2723 697 2780 dici
718 2720 874 2798 confidam
895 2722 982 2783 volu·

294 2822 355 2860 mus
366 2804 382 2861 ?
393 2800 513 2862 Ceterum
529 2802 706 2879 nequicquam
722 2803 833 2881 perierit
845 2803 895 2861 ille
908 2825 922 2874 ;
933 2823 984 2861 cu·

287 2878 340 2959 jus
364 2883 473 2942 interitu
495 2884 563 2959 quid
580 2884 674 2962 gavisi
687 2882 783 2961 fiamus
801 2926 811 2952 ,
832 2885 859 2941 si
877 2901 982 2945 mortuo

295 2960 383 3019 nihili
399 2961 488 3021 minus
502 2962 634 3036 servituri
649 2984 754 3021 eramus
769 2964 894 3022 ?Nulla
914 2984 982 3022 cura

294 3040 329 3097 ab
349 3042 416 3100 aliis
434 3042 606 3101 adhibeatur.
629 3046 687 3101 Sed
704 3044 770 3102 milii
784 3043 867 3122 priies
887 3047 980 3103 omnia

294 3122 336 3181 dii
348 3124 453 3201 denque
464 3122 631 3200 eripuerint,
642 3124 722 3202 quim
734 3124 810 3181 illud
816 3122 955 3200 judicium
964 3166 977 3194 ,

295 3223 348 3280 quo
368 3226 422 3263 non
444 3203 522 3261 modo
548 3204 638 3262 heredi
658 3202 740 3279 ejus,
760 3226 836 3282 quem
861 3205 946 3263 occidi
968 3246 980 3274 ,

295 3304 350 3342 non
364 3280 549 3360 concefferim,
569 3286 643 3361 quod
658 3287 687 3343 in
708 3285 759 3342 illo
775 3308 831 3344 non
846 3285 900 3344 tuli
910 3328 922 3355 ,
930 3284 983 3364 sed

294 3384 328 3422 ne
337 3366 412 3442 patri
423 3364 528 3441 quidem
538 3384 617 3435 meo,
636 3365 661 3422 si
680 3364 825 3443 reviviscas
836 3409 847 3435 ,
865 3382 894 3423 ut
905 3387 982 3445 ,pa-

295 3444 376 3502 tiente
404 3464 463 3515 me,
482 3444 548 3523 pius
574 3443 677 3523 legibus
705 3465 739 3503 ac
775 3463 857 3503 enatu
878 3447 981 3525 possit.

294 3527 347 3583 An
367 3528 417 3584 boc
436 3524 487 3583 tibi
501 3521 657 3603 perfieafiim
673 3526 731 3604 est,
758 3548 801 3584 ore
822 3543 925 3585 ceteros
943 3526 979 3585 ab

294 3604 325 3663 ἑο
345 3606 463 3678 liberos,
484 3626 536 3681 quo
554 3605 642 3663 invito
663 3605 741 3665 nobis
758 3609 787 3664 in
806 3606 856 3684 ista
868 3609 981 3666 ciuitate

293 3684 372 3744 locus
392 3685 534 3747 nonsit?
553 3684 613 3764 Qui
625 3707 709 3765 porro
730 3688 780 3759 id,
800 3688 876 3765 quod
883 3689 982 3767 petis,

286 3764 353 3850 fieri
364 3770 468 3848 potest,
485 3780 516 3824 ui
533 3766 657 3845 impetres
674 3768 693 3827 ἓ
716 3788 796 3849 rogas
818 3769 891 3830 enim
912 3768 982 3841 uelis
