2409 5492
340 1282 413 1358 312
487 1255 867 1327 Errsrotraunr

336 1378 427 1453 ticeps
461 1371 557 1446 fuisti,
579 1371 650 1431 nihil
685 1369 872 1431 consecutum
910 1385 1021 1452 putem.'

338 1453 432 1532 Quod
453 1456 527 1512 siut
549 1453 758 1533 amplissimum
780 1471 892 1512 nomen
915 1452 1021 1513 conse·

339 1552 509 1615 queremur,
522 1554 595 1592 unus
614 1550 719 1612 praeter
738 1548 850 1591 ceteros
869 1529 1001 1611 adjuvisti
1011 1553 1021 1605 ;

338 1614 415 1674 certe
434 1613 530 1685 idem,
543 1630 576 1671 ut
595 1613 625 1672 id
644 1614 834 1684 retineamus,
848 1631 956 1690 praeter
973 1633 1020 1672 ce-

337 1712 417 1754 teros
441 1692 611 1752 elaborabis.
644 1691 713 1752 Non
738 1689 779 1750 est
804 1692 856 1751 tibi
885 1692 929 1751 his
955 1689 1020 1752 solis

337 1773 478 1835 utendum
498 1771 750 1832 existimationibus
770 1792 803 1830 ac
824 1770 958 1848 judiciis,
972 1775 1021 1852 qui

339 1875 416 1914 nunc
436 1851 518 1926 sunt,
533 1852 682 1912 hominurn
700 1872 709 1923 ;
728 1850 777 1910 sed
796 1853 830 1910 iis
851 1855 957 1925 etiam,
972 1854 1021 1932 qui

339 1933 427 1994 futuri
441 1936 517 1992 sint:
534 1953 709 2013 quamquam
724 1932 838 1991 illorum
855 1935 910 1992 erit
924 1935 1020 1992 verius

340 2012 500 2093 judicium,
525 2012 732 2073 obtrectatione
760 2012 792 2071 δι
815 2012 1021 2073 malevolentia

340 2095 502 2154 liberatum.

383 2192 430 2253 35.
441 2172 519 2232 Deni
560 2193 576 2233 e
591 2173 661 2233 illud
676 2175 762 2233 etiam
777 2172 864 2232 debes
877 2173 1022 2252 cogitare,

339 2274 400 2313 non
416 2271 444 2314 te
459 2253 511 2312 tibi
538 2255 578 2313 oli
593 2255 713 2334 gloriam
729 2273 854 2334 quaerere
872 2272 882 2324 ;
898 2253 981 2332 quod
998 2255 1021 2312 si

340 2333 428 2407 effer,
443 2338 539 2393 tamen
566 2356 627 2393 non
654 2335 841 2415 negligeres3
863 2331 1020 2412 praesertim

340 2434 429 2495 quum
446 2414 627 2493 amplissimis
643 2416 837 2474 monumentis
853 2412 1019 2474 consecrare

340 2492 474 2555 voiuiffes
496 2496 665 2554 memoriam
685 2496 811 2553 nominis
830 2495 897 2553 tui:
919 2492 968 2553 sed
987 2514 1020 2555 ee

340 2575 395 2635 tibi
414 2573 454 2634 est
471 2575 708 2634 communicanda
725 2594 856 2644 mecum,
869 2573 1021 2652 prodenda

342 2655 437 2715 liberis
457 2653 582 2714 nostris:
600 2658 630 2713 in
648 2676 706 2735 quo
727 2655 890 2713 cavendum
908 2653 970 2726 est,
984 2673 1018 2713 ne

343 2737 366 2795 si
386 2734 576 2815 negligentior
594 2734 698 2807 fueris,
714 2756 773 2793 non
791 2733 884 2793 solum
900 2733 952 2793 tibi
969 2756 1020 2812 pa·

342 2836 405 2873 rum
430 2813 612 2887 consuluisse,
628 2814 676 2874 sed
701 2818 788 2874 etiam
811 2816 867 2874 tuis
892 2811 1018 2875 invidisse

339 2895 473 2955 videaris.

257 3044 259 3049 s
383 2971 479 3031 XVI.
498 2973 596 3052 Atque
616 2975 676 3031 haec
697 2996 757 3033 non
773 2974 811 3034 eb
827 2974 976 3047 dicuntur,
990 2991 1016 3033 ut

340 3069 369 3112 te
390 3055 482 3112 oratio
503 3073 568 3112 mea
589 3053 782 3113 dormientem
805 3053 955 3128 excitasse,
971 3055 1015 3114 sed

342 3134 438 3212 potiirs
462 3148 495 3191 ut
518 3151 680 3193 currentem
709 3133 831 3194 incitasse
863 3135 1014 3195 videatur:

342 3212 429 3284 facies
462 3215 539 3271 enim
573 3215 736 3292 perpetuo,
759 3236 823 3294 quae
854 3214 965 3287 fecisti,
987 3232 1013 3273 ut

342 3313 444 3360 omnes
469 3294 632 3372 aequitatem
657 3311 757 3366 tuam,
778 3299 1010 3374 temperantiam,

341 3372 540 3444 severitatem,
560 3375 807 3454 integritatemque
832 3375 958 3434 laudent.

343 3499 347 3509 .
385 3453 431 3531 36.
456 3451 512 3511 Sed
540 3473 587 3512 me
616 3453 746 3532 quaedam
775 3471 875 3526 tenet,
901 3472 1007 3534 propter

341 3533 512 3612 ⁴singularem
530 3531 794 3606 amorem,infinita
809 3536 838 3591 in
853 3553 882 3593 te
899 3535 1004 3594 aviditas
1051 3566 1054 3571 ·

340 3615 438 3700 gloriae
456 3631 463 3669 ε
482 3631 654 3690 quamquam
676 3613 744 3671 illud
765 3612 913 3688 existimo,
929 3630 1003 3692 quum

340 3712 399 3767 Jarn
415 3693 465 3750 tibi
479 3692 565 3763 Asia,
579 3695 651 3775 sicut
667 3695 818 3772 unicuique
836 3692 883 3753 sua
899 3695 1001 3760 domus,

338 3788 409 3830 nora
425 3769 481 3831 effe
495 3771 618 3845 debeat3
632 3793 720 3853 quum
735 3775 771 3835 ad
787 3791 865 3834 tuam
880 3773 1001 3831 summam

835 3852 1001 3936 prudentiam
1029 3886 1032 3893 ·
