2409 5492
314 1286 393 1364 414
499 1268 802 1333 Enterorn

437 1407 612 1471 Crcnno
653 1405 814 1471 Bnuro
857 1405 895 1472 S.

318 1551 509 1601 conamur
520 1545 682 1616 Najinnlm,
692 1546 731 1615 qui
742 1546 849 1597 otram
855 1544 1007 1616 principem,

353 1620 422 1683 iri-est
433 1653 441 1676 ,
460 1621 565 1671 onam
575 1622 703 1672 renrnrirmr
710 1619 845 1688 principun
856 1619 1007 1689 duxerasrl

352 1692 469 1744 Metello.
490 1695 584 1761 Scripta
596 1696 683 1747 eodem
693 1710 757 1744 anno
769 1692 803 1744 U.
818 1695 844 1743 C.
855 1711 915 1760 7¹⁰·

316 1863 349 1927 8.
361 1794 548 1925 Murros
564 1864 618 1925 tibi
631 1864 857 1938 commendavi,
874 1863 908 1924 δι
927 1882 1006 1924 com·

319 1944 480 2017 uuerdent,
497 1943 609 2005 necesse
623 1943 682 2005 est:
697 1947 827 2025 optimus
840 1947 921 2006 enim
937 1942 1005 2024 quis·

321 2046 379 2105 que
396 2028 441 2088 vir
458 2023 574 2086 &civis
588 2025 714 2085 maxime
729 2024 855 2105 sequitur
869 2023 1005 2103 judicium

321 2123 403 2167 tuum
421 2150 431 2179 ‚
454 2105 504 2165 tibi
526 2124 562 2165 ue
586 2125 689 2166 omnes
712 2103 803 2166 fortes
826 2107 879 2167 viri
899 2123 1006 2165 navare

319 2207 341 2245 ο
362 2204 441 2245 eram
459 2185 491 2245 &
551 2184 630 2246 dium
645 2186 771 2259 volunt3
787 2205 844 2247 nec
859 2182 1007 2267 quisquam

320 2204 384 2341 el,
405 2267 474 2345 quin
496 2267 536 2327 ita
557 2264 698 2327 existimet
719 2310 731 2340 ‚
761 2286 861 2327 meam
879 2263 958 2347 apud
976 2280 1006 2325 te

323 2343 356 2407 &
378 2345 578 2407 auuoriratem
599 2348 631 2408 &
703 2350 773 2407 tiam
791 2346 891 2409 valere
914 2346 1006 2427 pluri-

318 2426 414 2488 mum.
446 2425 506 2487 Sed
531 2424 569 2488 C.
596 2367 805 2501 militium,
831 2427 1007 2508 municipem

322 2503 509 2582 Suessanum,
522 2508 574 2569 tibi
593 2511 633 2569 ita
647 2508 847 2581 commendo,
864 2526 897 2570 ut
913 2509 1004 2569 nerni-

324 2607 395 2649 nem
413 2587 587 2671 diligentius.
610 2583 746 2650 Cretensi
764 2588 867 2663 bello,
885 2588 1006 2652 Metello

315 2670 501 2750 imperatore
523 2715 533 2745 ,
561 2668 695 2730 ollarum
716 2671 881 2750 principem
902 2670 1005 2744 duxit:

317 2747 424 2829 ‚postea
441 2752 471 2810 in
488 2771 519 2811 re
536 2750 668 2812 familiari
686 2768 844 2831 occupatus
861 2748 926 2813 fuir.
942 2741 1006 2811 Hoc

325 2847 479 2910 ternpore,
499 2853 588 2912 quum
604 2832 769 2911 reipublicae
783 2831 932 2912 partibus,
950 2850 1006 2893 tun

324 2909 375 2969 tui
389 2912 542 2972 excellenti
561 2914 697 2993 dignitate
720 2932 909 2987 commotus,
921 2913 1007 2975 vellet

313 3010 378 3069 ,per
394 3007 423 3052 te
443 2992 550 3073 aliquid
570 2994 744 3055 auiloriratis
767 2992 920 3056 assumere.
938 2993 1007 3056 For·

324 3086 385 3131 tem
402 3074 515 3148 virunr,
533 3072 641 3147 Brute,
659 3075 709 3134 tibi
724 3076 904 3146 commendo
915 3120 925 3148 ‚
937 3074 1008 3155 frugi

276 3195 281 3202 «
324 3149 495 3228 hominem,
516 3154 570 3225 ἃ,
591 3157 615 3215 si
656 3155 706 3214 uid
725 3157 762 3215 ad
781 3177 846 3217 reru
865 3157 1009 3237 pertinet,

317 3236 411 3295 etiam
435 3235 622 3315 locupletem.
669 3254 815 3316 ergratum
841 3236 912 3298 mihi
935 3237 1008 3306 erit,

315 3316 348 3372 ¹si
369 3334 437 3374 eum
456 3320 496 3376 ita
516 3315 665 3390 uallatis,
685 3333 716 3376 ut
737 3321 845 3380 merito
869 3336 924 3382 tuo
943 3316 1009 3381 mihi

316 3398 429 3484 ¹gratias
453 3416 538 3482 agere
556 3399 659 3479 possit.
682 3395 768 3459 Vale.
