2409 5492
252 1273 329 1348 232
400 1252 805 1320 Estsrozsuust.

250 1369 347 1439 citur,
416 1368 426 1423 i
450 1367 505 1446 ipsi
533 1368 562 1423 itt
583 1362 667 1423 laude
688 1366 835 1424 uixerunt.
864 1361 946 1447 Ego,

250 1447 324 1507 verb
346 1464 383 1505 ve
416 1446 603 1527 gratulatusne
624 1443 780 1503 litterarum
798 1460 945 1525 tuarum„

251 1526 301 1589 vel
321 1522 488 1585 testimoniis
508 1522 654 1585 sententiae
673 1522 775 1596 ditias,
798 1523 868 1584 nihil
891 1522 944 1585 est

250 1604 331 1685 qubd
350 1626 400 1665 me
421 1628 481 1665 non
499 1603 653 1665 affecutum
681 1619 780 1682 putem
799 1623 809 1677 ;
842 1596 946 1685 idque]

250 1684 321 1744 mihi
342 1705 431 1764 quum
452 1685 690 1765 amplissimum,
719 1699 783 1743 tum
852 1686 936 1745 tissi·

251 1785 334 1823 mum
355 1764 422 1838 est,
451 1783 480 1826 te
500 1765 622 1824 libenter
642 1765 774 1822 amicitiae
813 1762 901 1825 edisse
921 1808 938 1839 ,

251 1844 333 1924 quod
354 1844 466 1933 iiqpidb
484 1847 597 1906 veritati
620 1842 711 1903 dares.
744 1841 807 1916 Et,
825 1846 849 1903 si
871 1865 936 1905 nou

254 1924 347 1984 modb
367 1945 490 1997 omnes,
509 1927 612 1986 verbm
632 1922 718 1984 etiam
740 1925 823 1982 multi
842 1922 939 1989 Cato-

254 2025 307 2065 nes
324 2002 413 2065 effent
429 2008 458 2063 in
475 2000 588 2065 c‘ivitate
602 2000 715 2077 nostra,
727 2006 758 2063 iu
773 2024 830 2084 qua
843 2000 939 2064 unum

254 2082 385 2144 exstitiffe
397 2080 531 2145 ¹n'titabile
548 2084 588 2144 est
597 2106 607 2157 3
624 2104 710 2165 quem
728 2103 785 2164 ego
802 2105 938 2159 currum,

254 2179 305 2237 attt
332 2185 419 2243 quam
444 2165 569 2224 lauream
595 2185 661 2224 cum
692 2182 740 2223 tus
767 2156 935 2235 laudatione

254 2240 441 2304 conferrem?
464 2242 542 2303 Nam
560 2244 596 2304 ad
620 2264 717 2305 meum
735 2242 872 2319 sensum,
900 2246 937 2305 δι

256 2321 294 2382 ad
323 2318 394 2383 illud
419 2326 561 2384 sincerum
586 2345 619 2383 ac
640 2323 741 2384 subtile
764 2321 905 2402 judicium
924 2368 947 2399 „

254 2401 326 2465 nihil
340 2403 434 2483 potest
450 2402 506 2464 effe
524 2405 694 2465 laudabilius
705 2448 719 2475 ,.
732 2403 820 2484 quim
835 2424 871 2464 ea
885 2423 947 2477 tua,

256 2484 372 2565 oratio,
389 2505 451 2564 quae
473 2483 566 2544 estad
584 2505 632 2544 me
651 2482 805 2565 perscripta
826 2506 844 2543 a
862 2489 948 2563 meis,

257 2560 427 2624 necessariis.
451 2563 510 2641 Sed
529 2552 640 2645 causant
661 2585 734 2641 mese
753 2564 912 2624 voluntatis
925 2609 947 2641 ,Ι

257 2663 319 2703 non
341 2647 419 2703 enim
438 2644 529 2703 dicam
548 2644 732 2725 cupiditatis,
749 2643 869 2724 exposui
882 2644 939 2705 tibi

256 2720 446 2803 superioribus
466 2725 588 2796 litteris3
606 2746 670 2804 quae
688 2727 773 2784 etiam
795 2726 819 2783 si
833 2746 946 2802 patum,

256 2800 329 2880 justa
351 2802 401 2862 tibi
419 2803 478 2863 visa
496 2803 536 2863 est
553 2849 561 2877 ,
580 2805 653 2863 hanc
670 2821 768 2864 tamen
785 2804 872 2863 babet
894 2825 947 2879 ra·-

254 2885 366 2940 tionem
391 2927 400 2955 ‚
432 2904 492 2940 non
519 2901 550 2943 ut
578 2888 663 2944 nimis
692 2883 938 2964 concupiscendus

255 2962 371 3032 honos,
390 2961 439 3020 sed
457 2981 572 3035 tamen,
587 2968 611 3022 si
630 2963 773 3023 deferatur
791 2987 807 3023 a
823 2962 939 3038 senatu,

255 3043 373 3101 minime
395 3041 585 3120 aspernandus
607 3042 663 3103 effe
683 3046 825 3103 videatur.
842 3043 943 3124 Spero¹

256 3138 372 3193 autem,
388 3122 468 3182 illum
484 3125 637 3196 ordinem,
653 3145 705 3204 pro
719 3127 790 3183 meis
806 3125 845 3182 ob
862 3140 942 3185 remi

255 3202 399 3281 publicam
429 3201 563 3283 susceptis
590 3204 734 3264 laboribus
759 3248 769 3277 ,
796 3225 845 3263 me
877 3226 939 3275 nou

255 3282 405 3355 inclinum
437 3282 579 3354 honore,
610 3286 715 3344 usitato
747 3283 936 3363 praesertim,

258 3364 304 3420 exi
328 3365 488 3423 imaturum.
514 3362 611 3441 Quod
630 3366 654 3423 si
674 3367 713 3422 ita
730 3368 805 3437 erit,
824 3367 939 3426 tantum

258 3461 294 3500 ex
317 3461 345 3500 te
363 3462 458 3522 peto,
476 3444 555 3522 quod
569 3444 740 3502 amicissimi
756 3445 875 3518 scribis,
890 3465 944 3520 ut,

259 3542 350 3600 quum
378 3540 429 3581 tuo
453 3521 591 3598 judicie,
623 3525 701 3604 quod
728 3525 943 3604 amplissimum

257 3599 314 3660 effe
334 3601 496 3676 arbitraris,
513 3604 582 3663 mihi
599 3606 750 3677 tribueris,
768 3605 794 3663 'si'
810 3606 839 3664 id
856 3607 942 3688 quod

257 3680 385 3741 maluero
405 3684 558 3756 acciderit,
577 3687 710 3765 gaudeas.
732 3684 778 3743 Sic
798 3690 879 3744 enim
896 3686 952 3748 fe-'

257 3757 320 3849 cide
341 3777 393 3836 te,
419 3762 450 3824 δι
469 3763 607 3834 seusiffe,
629 3766 661 3826 ὃ(
682 3767 777 3829 veribs
798 3762 943 3851 scripsiffe
