2409 5492
278 1257 356 1334 372
428 1236 800 1305 Enrsroirnunt

277 1372 345 1412 nam
373 1351 583 1428 expolitionem
609 1364 698 1429 urget·
716 1346 764 1407 ille
793 1348 911 1429 quidem
932 1349 967 1412 δι’

282 1429 451 1490 Philotimus
466 1431 497 1489 ὅ(
513 1429 650 1490 Cincius:
664 1427 713 1488 sed
729 1431 813 1487 etiam
828 1429 888 1509 ipse
901 1451 966 1492 cre-

278 1511 333 1571 brb
344 1509 477 1570 interviso
487 1530 496 1582 ;
506 1510 586 1590 quod
600 1507 640 1568 est
654 1507 739 1568 facile
749 1506 834 1570 fastu.
848 1510 966 1590 Quam·

272 1591 383 1651 ,obrem
398 1591 433 1650 ei
448 1609 477 1650 te
494 1590 562 1649 curri
580 1588 731 1648 liberatum
750 1591 835 1651 volo.

319 1667 374 1729 ΙΙΙ
402 1669 450 1730 De
472 1668 617 1730 Cicerone
629 1669 708 1748 qubd
722 1688 770 1729 me
785 1668 899 1750 semper
911 1693 966 1732 to·-

278 1770 350 1832 gas,
370 1750 489 1830 ignosco
503 1752 638 1830 equidem
651 1751 723 1822 tibi,
739 1747 788 1821 sed
801 1769 832 1810 tu
849 1771 967 1831 quoque

279 1831 352 1890 mihi
370 1831 459 1889 velim
480 1832 607 1912 ignoscas
627 1850 711 1890 :non
731 1832 809 1888 enim
832 1832 967 1894 concedo

280 1909 355 1983 tibi,
375 1913 439 1991 pius
458 1931 489 1970 ut
502 1912 580 1970 illum
599 1930 700 1984 ames,
711 1908 798 1989 quam
814 1910 874 1988 ipse
886 1932 965 1972 amo.

281 1989 381 2070 Atque
392 1994 501 2051 utinam
513 1993 556 2049 his
565 1990 666 2050 diebus
676 1993 705 2048 in
717 1989 867 2070 Arpinati,
882 1991 965 2072 quod

280 2069 391 2148 &ipse
411 2075 557 2149 cupierat,
570 2072 600 2132 &
620 2091 635 2128 e
658 2092 676 2129 o
695 2091 754 2130 non
771 2072 878 2142 minus,
892 2091 961 2130 me-

280 2170 346 2209 cum
363 2150 465 2209 fuisset.
482 2149 578 2228 Quod
595 2151 633 2209 ad
670 2151 834 2230 omponiam
845 2193 856 2220 ,
869 2150 892 2207 si
906 2150 960 2210 tibi

280 2231 417 2300 videtur,
437 2230 539 2290 scribas
560 2233 671 2304 velim,
693 2251 778 2311 quum
796 2229 891 2310 aliqud
903 2233 963 2290 exi·

278 2308 395 2383 bimus,
413 2330 460 2370 eat
482 2310 652 2384 nobiscum,
670 2330 848 2390 puerumque
862 2309 963 2371 ducat:

279 2389 420 2450 clamores
431 2389 553 2451 efficiam
565 2436 576 2464 ,
591 2394 615 2450 si
627 2410 694 2450 eum
706 2410 820 2451 mecum
835 2389 967 2452 habuero

281 2469 406 2533 otiosum
424 2492 431 2530 :
446 2493 513 2531 narn
537 2471 640 2531 Romae
666 2469 820 2551 respirandi
843 2469 967 2533 nonest

278 2549 371 2610 locus.
384 2550 417 2610 ld
435 2572 481 2612 me
500 2551 550 2613 scis
572 2570 655 2612 antea
666 2555 751 2632 gratis
762 2552 816 2609 tibi
827 2551 884 2611 esse
899 2552 967 2632 pol·

280 2632 489 2713 licitum3quid
502 2654 577 2694 nunc
593 2653 675 2713 putas
692 2631 831 2691 tantiabs
848 2649 877 2691 te
897 2634 966 2692 mihi

281 2713 416 2774 mercede
434 2716 582 2793 propositi
599 2714 610 2770 ἓ
631 2712 728 2772 Venio
746 2733 822 2771 nunc
843 2711 881 2771 ad
904 2731 966 2773 tuas

279 2792 412 2865 litteras,
438 2816 507 2874 quas
537 2793 662 2874 pluribus
690 2790 814 2872 epistolis
841 2796 965 2872 accepi,

283 2871 353 2929 dum
372 2873 431 2931 sum
451 2875 480 2931 in
502 2877 655 2954 Arpinati:
675 2894 741 2931 nam
759 2872 828 2931 mihi
846 2894 905 2932 uno
919 2874 966 2934 die

280 2969 337 3011 tres
357 2951 420 3010 sunt
442 2953 582 3025 redditae,
602 2953 635 3010 &
661 2954 798 3032 quidem,
828 2971 859 3011 ut
880 2954 968 3014 vide.-

279 3032 402 3104 bantur,
417 3031 523 3091 eodem
540 3035 631 3091 abste
650 3034 722 3090 datae
737 3053 871 3111 tempore
888 3053 966 3093 :una

278 3110 406 3191 pluribus
419 3112 511 3170 verbis
525 3116 573 3186 ,in
586 3135 642 3193 qua
655 3117 778 3191 primum
791 3134 869 3186 erat,
884 3115 964 3192 quod

279 3194 424 3273 antiquior
444 3193 504 3252 dics
529 3196 558 3252 in
580 3197 634 3252 tuis
650 3193 741 3253 suisset
762 3192 902 3333 adscriqqa
920 3196 968 3254 lit·

279 3276 367 3344 teris,
386 3274 472 3353 quim
491 3277 520 3332 in
547 3273 676 3332 Caesaris.
698 3274 731 3332 ld
756 3273 824 3332 sacit
882 3278 967 3354 ppius

278 3375 497 3434 nonnumquam
525 3352 701 3425 necessario,
722 3374 775 3420 ut,
800 3375 892 3432 quum
916 3371 967 3412 ta-

277 3434 412 3493 bellarios
429 3432 602 3493 constituerit
619 3436 755 3504 mittere,
773 3433 967 3512 litterasquea

276 3517 362 3573 nobis
382 3518 544 3593 acceperit,
565 3514 660 3592 aliqui
677 3534 707 3572 re
730 3514 807 3572 novi
824 3515 968 3593 impedia-

278 3610 345 3664 tur,
365 3594 395 3652 &
406 3594 558 3654 necessario
574 3595 683 3666 serius,
701 3594 787 3674 quim
808 3593 967 3654 constitue-

278 3690 344 3745 rat,
366 3677 480 3748 mittat,
500 3696 594 3757 neque
615 3697 669 3734 nos
688 3674 760 3733 daris
778 3673 838 3752 jam
860 3673 970 3754 episto·

277 3747 312 3807 lis
333 3753 411 3816 diem
436 3758 607 3818 commutari
631 3774 769 3817 curemus.
796 3753 903 3817 Scribis
927 3755 969 3819 de
