2409 5492
434 1124 505 1184 Ἀυ
526 1113 789 1187 -Bnuruan
867 1132 946 1213 445

264 1216 331 1305 ἕπῃ·
342 1225 375 1288 8(
393 1224 512 1304 Labeo,
532 1230 564 1291 &
577 1228 717 1370 Scaptius.
739 1229 782 1289 At
799 1226 847 1291 isla
865 1249 949 1292 retu-

263 1304 320 1383 lit,
339 1311 553 1391 quesivitque,
575 1313 625 1391 qui
646 1331 713 1370 nam
740 1310 809 1368 mihi
832 1311 950 1373 videre·

262 1403 309 1447 tur
323 1407 331 1446 ε
352 1387 589 1452 arcesseremusne
601 1408 631 1452 te
644 1436 653 1465 ,
668 1409 752 1470 atque
763 1390 792 1450 id
807 1392 859 1471 tibi
871 1413 949 1452 con-

262 1468 370 1529 ducere
391 1487 555 1550 putaremus
574 1491 584 1544 ;
602 1491 639 1530 an
659 1471 792 1544 tardare,
810 1471 842 1530 &
861 1492 949 1532 com-

261 1550 431 1624 morante,
445 1552 547 1612 melius
556 1549 635 1611 esser.
646 1548 795 1630 Respondi
808 1551 854 1624 id,
866 1553 947 1633 quod

261 1626 421 1690 sentiebam
431 1630 463 1689 &
476 1631 625 1712 dignitati,
642 1630 674 1689 &
683 1628 881 1690 existimationi
890 1652 947 1693 tuae

260 1710 389 1769 maxine
404 1711 584 1784 conducere,
595 1728 624 1771 te
640 1711 864 1791 primoquoqne
872 1728 950 1773 tem·

261 1806 336 1869 pore
354 1788 429 1851 ferre
451 1793 617 1871 praesidium
632 1791 739 1851 labenti
756 1790 788 1850 δι
805 1793 949 1854 inclinatae

261 1869 438 1949 reipublicae.
458 1870 543 1950 Quid
564 1874 642 1931 enim
662 1870 754 1932 abesse
768 1871 867 1933 censes
880 1875 949 1934 maii

261 1949 291 2008 in
309 1968 348 2011 eo
362 1951 460 2026 bello,
473 1955 502 2011 iu
521 1973 580 2033 quo
599 1951 723 2012 vidores
739 1954 879 2013 exercitus
897 1953 947 2014 fu-

260 2029 390 2110 gientem
401 2030 511 2092 hostem
525 2031 656 2113 persequi
672 2033 852 2093 noluemnt?
869 2034 901 2094 dc
916 2036 947 2095 in

260 2128 322 2190 quo
336 2112 488 2173 incolumis
505 2117 681 2192 imperator,
700 2113 859 2174 honoribus
879 2135 947 2173 am-

281 2190 417 2266 lissimis,
434 2192 613 2273 fortunisque
628 2194 778 2265 maximis,
799 2191 886 2271 conju
907 2215 947 2271 e,

258 2210 378 2345 iibens,
396 2272 481 2333 vobis
509 2271 641 2332 affinibus
671 2289 810 2345 omanus,
836 2214 947 2334 heliam

259 2352 426 2432 reipublicae
462 2354 596 2414 indixerit
628 2351 639 2410 i
671 2351 754 2430 Quid
785 2351 877 2412 dicam
915 2357 946 2413 in

260 2447 343 2493 tanto
359 2432 470 2494 senatds
487 2436 648 2514 populique
667 2429 827 2502 consensu,
845 2427 946 2513 'quum

258 2528 373 2573 tantum
391 2514 515 2575 resideat
534 2517 607 2573 intra
633 2533 732 2572 muros
757 2511 826 2572 mali
842 2512 854 2572 ἓ
875 2511 946 2572 Ma·

259 2594 342 2654 ximo
363 2611 479 2668 autem,
496 2615 586 2676 quum
607 2593 668 2652 haec
689 2593 869 2665 scribebam,
883 2592 946 2653 affi-

261 2672 360 2734 ciebar
379 2675 501 2748 dolore,
517 2675 616 2754 quod,
635 2695 723 2755 quum
740 2692 788 2733 me
807 2694 860 2752 pro
873 2674 946 2733 ado-

260 2752 419 2815 lescentulo
432 2777 467 2815 ac
488 2775 564 2836 pene
580 2774 671 2835 puero
691 2752 850 2833 respublica
864 2774 948 2814 acce-

258 2831 345 2913 pisset
361 2836 489 2909 vadem,
507 2839 557 2895 vix
577 2834 721 2905 videbar,
740 2834 821 2915 quod
839 2837 948 2914 promi·

259 2913 373 2990 seram,
391 2915 521 2996 praestare
538 2913 628 2997 posse.
643 2912 690 2973 Est
714 2932 809 2975 autem
832 2921 948 2996 gravior

260 2994 294 3053 δι
315 2995 456 3057 difficilior
473 3000 561 3056 animi
582 2998 614 3057 dc
630 2995 797 3069 sententiae,
812 2998 945 3056 maximis

259 3075 418 3155 praesertim
430 3080 459 3136 in
476 3080 562 3137 rebus
576 3121 585 3148 ,
597 3098 652 3156 pro
664 3075 771 3147 altero,
788 3075 874 3154 quam
887 3095 946 3155 pe·

257 3158 374 3229 uiniae,
394 3156 532 3296 obsipatio
547 3178 553 3214 τ
567 3157 632 3242 haec¹
647 3157 726 3237 enim
744 3152 817 3214 solvi
829 3153 943 3234 potest,

257 3235 299 3331 &⁹
316 3234 357 3297 est
376 3240 436 3331 rei·
462 3238 594 3297 amiliaris
625 3234 732 3329 ῙέιέὶιιῐειΙ
757 3234 913 3295 tolerabilis
935 3254 947 3308 3

258 3314 777 3475 sszsis‘irdidssrsssssut
794 3314 947 3474 dissi:

256 3478 348 3550 titur,
371 3500 426 3558 pro
447 3501 505 3560 quo
518 3475 707 3560 spoponderis
726 3474 737 3533 ἓ
755 3472 947 3555 Quamquam

257 3555 291 3616 ἃ
312 3557 395 3654 hunc,
409 3557 423 3640 (
435 3577 475 3672 ut·
493 3557 602 3656 spero)
624 3555 731 3650 tenebo
748 3599 758 3628 ,
774 3556 870 3614 multis
892 3574 946 3661 re-¹

256 3641 451 3720 pugnantibus
469 3640 607 3704 .v1detur
625 3657 703 3698 emm
721 3657 751 3697 ur
774 3654 811 3696 eo
827 3631 944 3707 effern-
