2409 5492
333 1219 412 1317 306
481 1219 854 1288 EPISTOLARUM
1049 1266 1054 1337 ἰ

373 1333 421 1395 26.
440 1332 486 1394 Ac
502 1337 626 1414 primhm
640 1330 772 1405 Graecis,
787 1333 818 1392 id
835 1332 919 1414 quod
937 1351 1012 1395 acer·

329 1413 479 1474 bissimum
494 1413 556 1487 est,
573 1413 654 1494 qubd
673 1413 737 1474 sunt
757 1412 938 1495 vesiigales,
954 1435 1011 1474 non
1049 1340 1054 1487 i

330 1496 371 1554 ita
387 1494 521 1554 acerbum
533 1495 627 1556 videri
642 1493 748 1562 debet3
763 1512 922 1575 propterea
936 1494 1013 1574 qubd

330 1575 393 1634 sine
412 1576 536 1654 imperio
555 1575 658 1654 populi
679 1572 831 1648 Romani,
858 1573 917 1634 suis
938 1571 1013 1634 insti-

330 1656 421 1728 tutis,
440 1675 493 1734 per
511 1654 539 1714 se
557 1655 613 1734 ipsi
629 1656 668 1715 ita
687 1651 812 1714 fuerunt.
834 1652 956 1715 Nomen
968 1676 1014 1714 au-

307 1771 311 1778 ι
330 1749 394 1794 tem
411 1735 557 1814 publicani
575 1734 717 1814 aspernari
735 1754 794 1794 non
814 1733 952 1813 possunt,
967 1736 1015 1816 qui
1053 1776 1054 1781 κ

331 1815 462 1894 pendere
483 1819 539 1895 ipsi
559 1815 680 1896 vestiga}
700 1815 760 1874 sine
803 1814 940 1875 ublicano
955 1836 1014 1874 non
1053 1842 1054 1889 j

332 1909 492 1974 potuerunt
512 1940 522 1968 ,
544 1896 625 1976 quod
646 1897 678 1954 iis
700 1835 847 1974 aequaiiter
867 1895 948 1956 Sulla
966 1895 1015 1956 de·
1053 1904 1054 1911 ’

333 1973 489 2054 scripserat.
506 1975 576 2038 Non
591 1974 648 2036 effe
663 1993 760 2034 autem
774 1974 900 2036 leniores
914 1979 943 2035 in
956 1977 1016 2034 exi·

334 2055 437 2135 gendis
451 2055 635 2137 vesiigalibus
649 2052 787 2128 Graecos,
802 2052 1013 2136 quimnosiros

332 2135 527 2212 publicanos,
551 2135 618 2195 hinc
641 2135 761 2216 intelligi
788 2132 904 2215 potest,
932 2135 1014 2215 qubd

332 2211 438 2274 Caunii
458 2237 497 2274 nu
519 2235 570 2287 er,
587 2214 746 2295 omnesque
768 2234 805 2274 ex
821 2214 915 2276 insulis
926 2257 937 2286 ,
949 2235 1015 2295 quae

332 2312 414 2354 erant
434 2295 470 2355 ab
490 2236 569 2355 iulia
587 2295 708 2356 Rhodiis
730 2296 897 2369 attributa,
916 2293 1015 2355 confit·

331 2390 436 2454 gerunt
453 2375 490 2434 ad
506 2375 654 2448 senatum,
671 2377 755 2436 nobis
769 2393 801 2435 ut
816 2377 914 2456 potiirs
928 2373 1015 2436 vetti-

333 2454 403 2534 gal,
418 2455 505 2536 quim
519 2455 641 2517 Rhodiis
660 2457 831 2536 penderent.
846 2455 950 2539 Quare
958 2476 1015 2517 ¹no·

333 2553 403 2594 men
423 2537 568 2615 publicani
588 2557 685 2617 neque
705 2539 725 2596 ii
747 2535 856 2615 deberit
875 2536 1014 2607 horrere,

334 2617 384 2694 qui
408 2614 519 2696 semper
540 2617 694 2699 vestigales
719 2616 858 2688 fuerunt3
882 2617 1015 2696 nequeii

334 2693 508 2774 aspernari,
540 2701 589 2778 qui
610 2717 663 2778 per
688 2695 716 2756 se
739 2696 869 2774 pendere
893 2693 1015 2789 vestigas

335 2795 396 2834 non
423 2796 601 2855 potuerunt3
624 2797 717 2856 neque
740 2779 759 2834 ii
780 2774 937 2848 recusare,
968 2796 1015 2856 qui

335 2854 560 2932 postulaverunt.
582 2856 672 2916 Simul
695 2856 727 2915 &
749 2856 820 2914 illud
842 2855 914 2914 Asia
935 2857 1015 2937 cogi-

335 2950 398 3005 tet,
415 2936 555 2994 nullama
575 2936 603 2995 se
622 2955 716 3016 neque
733 2935 802 2995 belli
817 2938 948 3008 externi,
965 2953 1015 2995 ne·

336 3033 393 3092 que
415 3013 617 3074 discordiarum
639 3014 858 3075 domesticarum
875 3015 1016 3074 calamita·

334 3109 395 3152 tem
414 3093 573 3154 abfuturam
586 3094 688 3169 fuisse,
706 3096 798 3156 sihor
817 3096 941 3175 imperio
957 3115 1016 3155 non

334 3191 499 3236 teneretur:
516 3176 546 3234 id
562 3195 657 3236 autem
671 3179 824 3256 imperium
842 3194 934 3256 quum
949 3176 1016 3236 reti-

335 3257 399 3314 neri
419 3259 478 3316 sine
497 3255 682 3337 vestigalibus
698 3257 778 3316 nullo
795 3255 889 3316 modo
905 3257 1016 3335 possit,

336 3355 421 3414 aequo
448 3338 545 3396 animo
568 3353 648 3416 parte
674 3335 769 3415 aliqui
793 3335 912 3395 suorum
937 3333 1017 3393 sruc-

337 3433 448 3488 tuum,
469 3437 572 3496 pacem
594 3417 648 3476 sibi
668 3415 872 3496 sempiternam
897 3415 1017 3475 redimat

336 3511 366 3555 at
387 3515 423 3555 ue
446 3515 548 3555 otium.

367 3516 459 3634 qXII.
481 3575 575 3655 Qubd
596 3578 618 3635 si
640 3596 729 3658 genus
747 3575 840 3655 ipsum
860 3574 895 3634 ὃ(
912 3594 1019 3635 nomen

337 3655 480 3733 publicani
499 3679 559 3716 non
579 3659 680 3736 iniquo
699 3659 796 3716 animo
815 3653 994 3715 sustinebunt
1011 3675 1022 3728 ·,

338 3751 473 3813 poterunt
495 3739 552 3813 iis,
577 3738 699 3800 consilio
722 3737 753 3798 ὃ(
775 3736 932 3818 prudentia
949 3736 1026 3813 tui,
