2409 5492
327 1241 382 1327 '90
478 1223 856 1302 crrsrorr'rvn

327 1361 373 1407 ret
387 1343 516 1407 insidiis:
537 1366 626 1433 quem
643 1366 700 1429 ego
718 1345 875 1410 meantem
891 1343 926 1409 &
939 1354 1014 1413 nmin'

326 1424 455 1487 semrom
490 1429 605 1502 conieci
634 1429 664 1486 in
698 1425 818 1487 Caesaris
850 1425 1009 1493 Oiiaviani
1039 1460 1052 1497 -:

326 1507 439 1587 plagas.
455 1504 528 1567 Puer
541 1510 620 1567 enim
631 1509 764 1590 egregius
775 1509 941 1588 presidium
954 1508 1012 1583 sibi

327 1587 473 1669 primirm,
494 1586 527 1647 dc
549 1588 653 1661 nobis,
676 1588 783 1655 deinde
809 1588 930 1650 summe
950 1590 1012 1651 rei·¹

306 1672 308 1677 '
326 1667 451 1748 publica
466 1670 666 1749 comparavit:
682 1671 732 1747 qui
749 1670 803 1729 nisi
817 1668 930 1743 fuiffet,
944 1670 1013 1731 An·

326 1749 401 1807 ionii
424 1748 531 1809 reditus
555 1771 573 1808 a
599 1747 775 1822 Brundisio,
798 1747 883 1826 pestis
907 1749 1011 1831 partin

325 1824 430 1889 fuiffet.
454 1825 535 1906 Quae
548 1829 686 1908 deinceps
706 1826 767 1889 ada
784 1830 861 1901 sint,
889 1827 961 1897 scire
978 1847 1011 1893 te

325 1908 458 1969 arbitror.
483 1906 544 1968 Sed
570 1908 722 1969 redeamus
745 1907 783 1967 nd
810 1906 901 1984 illud,
929 1908 1010 1973 unde

326 1987 516 2048 devertimus.
538 1986 665 2067 Accipio
692 1987 904 2050 excusationem
929 2005 1011 2051 mim

324 2066 364 2128 de
383 2067 581 2147 Sempronio:
610 2085 706 2148 neque
725 2071 804 2130 enirn
824 2066 921 2131 staturi
937 2068 1011 2149 quid

325 2146 357 2207 in
385 2164 464 2207 tanta
495 2147 711 2227 perturbatione
744 2147 850 2210 babere
881 2146 1011 2230 potuisti.

324 2228 411 2289 Nunc
436 2228 480 2287 iic
507 2230 566 2287 dics
588 2228 676 2287 aliam
699 2230 785 2288 vitam
803 2227 906 2308 affin,
934 2231 1010 2291 alios

323 2305 1011 2465 &3532{⁰ssgi‘ussiss¹¹‚'s50‘zictss⁸ni¹z²dst

246 2505 249 2511 -
324 2484 413 2540 curn,
431 2466 464 2527 dc
486 2467 605 2548 quidem
626 2467 663 2527 ad
682 2471 815 2550 puppim.
834 2469 903 2530 Una
922 2470 1007 2530 navis

323 2543 365 2607 est
380 2545 439 2626 jam
452 2547 598 2607 bonorum
618 2550 766 2608 omnium:
782 2568 869 2628 quam
885 2547 1008 2630 quidem

321 2646 377 2687 nos
393 2628 495 2688 damus
512 2647 654 2707 operam,
670 2644 701 2687 ut
717 2627 823 2688 tedam
837 2647 1009 2690 teneamini

323 2709 434 2767 utinam
463 2707 601 2788 prospero
627 2705 726 2768 cursui
750 2705 810 2769 Sed
828 2710 1006 2793 quicumque

322 2790 405 2847 venri
423 2806 530 2860 erunt,
550 2809 594 2846 ars
613 2786 706 2848 nostra
721 2790 800 2849 certe
817 2810 878 2849 non
895 2790 1006 2853 aberitz

320 2868 392 3010 §prid
414 2871 491 2928 enirn
511 2866 642 2949 praestare
669 2867 746 2930 aliud
769 2869 859 2932 virtus
881 2867 1008 2957 potest?

353 2972 373 3010 u
390 2948 436 3009 fac
455 2970 562 3032 magno
580 2954 731 3012 animosis
750 2952 782 3012 δι
798 2952 913 3013 excelso
928 2973 939 3026 ;
956 2972 1009 3014 co·

290 3073 295 3082 .
321 3029 476 3112 giresque„
508 3052 629 3092 omnem
648 3033 817 3113 dignitatem
834 3050 914 3096 tuam
939 3050 1009 3095 cuni

274 3117 278 3122 '
321 3110 467 3190 republica
481 3109 665 3189 conjunuam
679 3111 736 3174 effe
752 3111 871 3175 debere.
883 3112 916 3174 P.
930 3111 1006 3195 Luc·

322 3193 418 3252 ceiurn
444 3191 513 3252 mihi
533 3211 632 3253 meum
656 3193 864 3269 commendas3
886 3213 1007 3276 quem,

320 3270 546 3352 quibuscumque
573 3273 658 3334 rebus
688 3291 820 3353 potero,
846 3275 1002 3359 diligenter

322 3352 438 3412 tuebor.
459 3351 588 3414 Hirtium
603 3353 722 3433 quidem
742 3353 773 3414 ἃ
790 3351 928 3429 Pansam,
941 3352 1008 3415 col·

322 3431 403 3512 legas
423 3429 558 3504 nostros,
579 3433 712 3494 homines
730 3435 760 3493 in
781 3433 929 3496 consulatu
947 3434 1007 3496 rei·

322 3512 446 3592 publico
475 3510 630 3585 salutares,
659 3514 756 3575 alieno
781 3514 847 3575 sani
868 3532 1004 3594 tempore

322 3593 489 3666 amisimus,
518 3592 666 3672 republici
692 3593 862 3657 Antoniano
884 3596 1008 3676 quidem
1048 3609 1052 3616 ‘

320 3667 471 3735 latrocinio
494 3671 636 3749 liberata,
655 3673 704 3737 sed
725 3677 855 3736 nondum
878 3677 1005 3737 omnino

321 3751 490 3832 explicans
518 3773 607 3837 quarn
627 3775 682 3819 nos
700 3797 712 3831 ,
732 3758 758 3820 si
773 3756 898 3834 licebit,
918 3773 1005 3821 more
