2409 5492
343 1245 405 1298 an
422 1230 467 1323 Q.
479 1230 676 1301 Fnarnnn
692 1233 776 1302 Lm.
793 1230 839 1302 11.
869 1250 912 1329 33
917 1254 943 1325 9

259 1361 290 1407 et
310 1342 463 1417 surrexit,
496 1365 593 1424 opera
614 1343 766 1407 Clodiana
787 1345 946 1407 clamorem

258 1421 455 1496 firstulerunt3
489 1424 574 1506 idque
594 1429 623 1486 ei
648 1427 789 1508 perpetui
809 1429 946 1487 oratione

258 1507 410 1587 contigit,
441 1525 500 1563 non
524 1506 617 1566 modo
643 1526 675 1567 ut
702 1507 945 1581 acclamatione,

257 1583 307 1645 sed
332 1603 366 1645 ut
388 1586 524 1666 convicio
547 1587 577 1646 &
597 1587 755 1648 malediuis
779 1587 944 1667 impedire-

255 1682 328 1726 tura
395 1667 456 1724 iut
478 1669 626 1744 peroravit
649 1667 662 1747 (
682 1688 748 1727 narn
772 1670 857 1728 ineo
877 1667 945 1727 sane

257 1743 340 1806 fortis
353 1686 434 1815 idit,
454 1765 515 1804 non
533 1744 574 1805 est
589 1747 741 1807 deterritus
756 1792 765 1820 ‚
788 1747 858 1807 dixit
872 1769 945 1807 om·

257 1828 326 1898 nia,
344 1842 431 1906 atque
448 1826 596 1886 interdum
615 1831 703 1887 etiatn
719 1827 856 1899 silentio,
878 1847 945 1887 cum

257 1904 426 1965 audierinte
447 1905 629 1988 peregerat)
650 1909 699 1968 sed
725 1923 757 1966 ut
777 1910 945 1987 peroravit,

258 1984 378 2047 surrexit
414 1983 568 2045 Clodius:
601 1990 630 2047 ei
661 2005 757 2048 tantus
790 1987 899 2046 clamor
926 2010 944 2048 a

258 2066 360 2126 nolitis
378 2063 391 2145 (
410 2065 555 2145 placuerat
572 2069 651 2127 enim
670 2067 777 2128 referte
795 2066 944 2168 gratiam)

258 2163 289 2206 ut
310 2164 409 2226 neque
435 2165 561 2219 mente,
591 2167 686 2227 neque
711 2149 828 2229 lingua,
849 2167 945 2228 neque

258 2245 308 2286 ore
337 2224 515 2286 consisteret.
545 2224 587 2285 Ea
612 2247 658 2288 res
680 2227 741 2288 adia
759 2225 800 2287 est
820 2272 831 2302 ,
852 2249 943 2308 quum

258 2305 331 2366 horai
352 2324 390 2367 v1
408 2308 458 2365 vix
477 2306 632 2386 Pompeius
652 2307 830 2388 perorallet,
853 2307 943 2390 usque

257 2387 293 2447 ad
316 2387 420 2445 horam
438 2404 524 2459 vm,
542 2407 631 2466 quum
649 2392 747 2449 omnia
764 2388 941 2463 maledida,

257 2466 356 2527 versus
376 2469 463 2526 eriam
481 2465 689 2528 obscoenissimi
708 2472 738 2528 in
757 2466 895 2528 Clodium
911 2470 943 2528 ὃ(

258 2545 398 2608 Clodiam
416 2546 588 2607 dicerentur.
607 2547 658 2608 Ille
677 2548 774 2606 furens
795 2548 825 2606 ὃ(
844 2546 944 2609 exsan-

258 2630 320 2710 guis
346 2628 543 2708 interrogabat
565 2626 630 2686 suos
656 2629 686 2684 in
706 2629 833 2686 clamore
855 2625 941 2706 ipso,

298 2712 321 2769 is
353 2705 454 2780 esset,
485 2709 534 2789 qui
563 2707 682 2786 plebem
712 2707 789 2766 farne
815 2725 942 2767 necaret.

258 2730 487 2868 dispondebant
516 2807 644 2866 operae,
676 2789 834 2867 Pompeius.
863 2785 942 2866 Quis

259 2868 466 2929 Alexandriam
484 2870 525 2927 ire
546 2883 675 2946 cuperet.
694 2866 940 2946 Respondebam,

259 2953 417 3030 Pompeius.
439 2947 543 3027 Quem
561 2949 602 3006 ire
621 2947 739 3008 vellent.
764 2947 941 3029 Responde·

257 3030 347 3103 baut,
371 3027 499 3106 Craffum.
521 3027 547 3087 Is
567 3028 665 3088 aderat
680 3048 742 3089 tum
760 3029 866 3090 Miloni
883 3032 941 3089 ani-

258 3133 308 3172 mo
322 3130 384 3171 non
396 3112 501 3167 amico.
514 3108 593 3168 Hori
609 3107 669 3169 ferd
686 3127 742 3180 rx,
759 3113 839 3188 quasi
854 3113 938 3192 signo

258 3191 327 3252 dato
351 3237 360 3263 ‚
389 3187 526 3248 Clodiani
544 3187 657 3248 nostros
681 3188 848 3267 consputare
874 3211 942 3248 coe-

258 3289 374 3353 perurat.
388 3268 500 3329 Exarsit
515 3269 610 3327 dolor.
626 3268 739 3348 Urgere
752 3269 814 3340 illi,
828 3287 859 3328 ut
871 3268 941 3330 loco

258 3371 312 3413 nos
332 3368 496 3411 moverent.
520 3347 621 3408 Fadius
640 3344 680 3408 est
697 3369 714 3406 a
730 3344 830 3407 nostris
850 3350 889 3406 im
913 3369 943 3410 e·

237 3449 303 3497 ,ωε
325 3453 332 3491 :
363 3431 441 3513 fuga¹
456 3448 620 3510 operarum.
642 3425 755 3509 Ejellus
773 3429 810 3488 de
830 3428 876 3488 Ro
901 3432 939 3489 ris

259 3511 408 3574 Clodius:
438 3531 471 3569 ac
493 3532 547 3569 nos
589 3529 686 3590 uoque
705 3525 768 3567 rum
791 3507 943 3590 fugimus,

258 3614 296 3654 ne
318 3593 389 3674 quid
408 3594 438 3649 in
455 3589 547 3650 turba.
567 3529 689 3650 gemtus
707 3604 827 3649 vocatus
843 3592 873 3647 in
892 3610 943 3649 cu-

259 3675 360 3735 riam:
389 3670 545 3751 Pompeius
579 3669 728 3729 domum:
757 3687 853 3749 neque
883 3689 942 3752 ego

259 3770 360 3815 tamen
375 3755 407 3814 in
421 3750 572 3826 senatum,
587 3768 624 3812 ne
640 3767 689 3812 aut
705 3749 742 3812 de
755 3751 840 3890 ¹13⁰}ss
854 3748 958 3815 rebus·

799 3852 818 3911 ¹1
