2409 5492
258 1274 345 1347 290¹
406 1253 773 1323 Errsrornnun

254 1389 310 1433 tur.
326 1367 427 1431 Nullas
466 1385 498 1428 ut
513 1362 647 1447 opinor)
661 1365 778 1426 insidias
791 1363 948 1444 hostium}

253 1451 362 1511 nullam
382 1470 445 1530 ptoe
458 1451 474 1463 '⁹
494 1447 731 1520 dimicationem,
752 1446 865 1507 nutam
888 1450 943 1510 de-

255 1528 411 1592 feffionem
430 1528 591 1599 sociorum,
610 1527 718 1586 nullam
740 1528 790 1587 ino
812 1529 871 1588 iam
886 1526 944 1590 tii-

254 1611 372 1692 pendii,
386 1625 434 1669 aut
452 1611 494 1668 rei
509 1607 719 1679 frumentariae,
739 1628 758 1666 n
818 1628 850 1667 m
866 1607 945 1670 sedi·

252 1693 366 1752 tionem
379 1688 520 1750 exercitiis
536 1686 778 1767 pertimescimus:
794 1708 858 1768 quae
875 1709 944 1770 per·

254 1771 329 1851 saepe
354 1769 567 1849 sapientissimis
586 1769 656 1827 viris
679 1767 868 1842 acciderunt3
888 1787 943 1845 ut,

256 1850 506 1933 quemadmodum
525 1847 730 1929 gubernatores
748 1850 854 1928 optimi
877 1852 943 1911 vim

256 1929 464 2012 tempestatis,
496 1930 537 1988 sic
570 1927 612 1987 illi
642 1926 765 1986 fortunae
795 1930 943 2009 impetum

258 2011 390 2092 superare
412 2031 472 2069 non
488 2005 611 2089 possent.
628 2006 698 2067 Tibi
713 2009 780 2068 data
799 2007 840 2069 est
860 2008 945 2071 sum·

257 2113 308 2151 ma
323 2113 402 2172 pax,
418 2089 527 2150 summa
542 2089 750 2168 tranquillitas:
765 2090 806 2147 ita
823 2107 946 2167 tamen,·

258 2190 291 2231 ut
311 2192 346 2232 ea
368 2171 561 2230 dormientem
581 2169 804 2250 gubernatorem
820 2171 869 2233 vel
883 2172 944 2233 ob-¹

260 2271 366 2323 ruere,
384 2249 552 2332 vigilantem
569 2251 657 2309 etiam
677 2249 817 2310 delediare
833 2254 943 2331 possit·

260 2329 380 2392 Constat
395 2334 473 2391 enim
489 2350 525 2391 ea
540 2331 691 2410 provincia
729 2332 888 2391 rimumex
900 2352 943 2397 eo

260 2431 367 2493 genere
391 2409 552 2482 sociorum,
574 2410 655 2490 quod
677 2430 694 2470 e
734 2410 947 2475 exhominans

260 2494 341 2552 omni
360 2511 466 2573 genere
484 2490 744 2551 humanissimum:
776 2491 884 2555 deinde
904 2515 945 2557 ex

262 2593 300 2633 eo
323 2591 429 2654 genere
448 2573 582 2645 civium,
605 2573 655 2652 qui
674 2589 722 2632 aut
740 2572 820 2652 qubd
841 2575 946 2655 publi·

261 2656 327 2712 cani
344 2652 425 2727 sunt,
440 2674 494 2712 nos
507 2650 617 2712 summa
632 2653 844 2714 necessitudine
859 2658 945 2717 attin·-

263 2750 357 2814 gunt;
375 2751 422 2792 aut
436 2732 515 2813 qubd
534 2735 573 2791 ita
593 2735 796 2813 negotiantur,
810 2752 844 2796 ut
862 2736 945 2799 locu·¹

262 2813 356 2890 pletes
386 2816 470 2885 sint,
499 2810 586 2871 nostri
613 2813 772 2873 consulatus
796 2815 944 2878 beneficio

262 2891 291 2950 se
312 2892 471 2950 incolumes
486 2890 613 2951 fortunas
637 2894 741 2954 habere
762 2895 944 2960 arbitrantur.

303 2969 346 3030 ΙΙ.
373 2970 415 3029 At
435 2973 512 3030 enirn
534 2975 608 3032 inter
632 2974 687 3033 hos
710 2974 786 3054 ipsos
805 2976 944 3040 exsistunt

260 3070 363 3138 graves
381 3054 607 3125 controversia,
624 3055 719 3115 muitae
734 3055 885 3117 nascuntur
898 3062 944 3119 in·

262 3133 360 3209 jurias,
376 3152 488 3212 magnae
506 3136 706 3194 contentiones
721 3135 942 3216 consequuntur.

264 3209 361 3290 Quasi
380 3218 451 3273 verb
474 3234 531 3294 ego
552 3214 583 3272 id
600 3232 729 3292 putem,
752 3237 813 3274 non
835 3235 865 3278 te
883 3219 943 3279 ali·-

264 3312 403 3372 quantum
424 3296 535 3374 negotii
553 3291 695 3353 sustinere.
718 3294 852 3377 Intelligo
873 3318 943 3379 per.

264 3393 401 3454 magnum
422 3372 476 3433 effe
501 3377 673 3455 negotium,
692 3375 724 3432 &
741 3379 859 3436 maximi
873 3400 943 3439 con-

264 3456 338 3512 silii:
360 3452 408 3513 sed
426 3473 595 3526 memento,
615 3456 726 3513 consilii
742 3477 790 3517 me
809 3456 867 3517 hoc
883 3478 942 3520 ne-

263 3537 374 3614 gotium
397 3533 452 3594 eiie
473 3536 562 3616 magis
582 3535 753 3615 aliquanto,
776 3537 865 3617 quam
881 3538 942 3601 for·

264 3630 362 3686 tuna,
382 3633 493 3694 putare.

303 3694 333 3754 6.
358 3693 443 3771 Quid
469 3693 510 3754 est
533 3696 611 3754 enirn
631 3697 765 3775 negotii,
790 3699 940 3759 continere

261 3789 337 3846 eos,
353 3774 455 3852 quibus
475 3778 592 3855 praesis,
612 3778 636 3835 si
653 3794 681 3838 te
695 3776 754 3858 ipse
771 3777 939 3841 contineas?
